2230 3838
156 299 196 364 92
426 295 459 350 v.
484 297 520 350 u.
545 291 795 364 ronrunnrr

157 385 222 469 Qui
236 388 398 470 splendore
409 389 509 450 nitens
521 388 648 471 pulcher
662 388 746 470 quasi
759 383 867 450 lucifer
880 385 961 464 arisj

155 483 203 545 Ac
213 483 328 566 fulgore
341 482 404 544 Dei
418 483 464 544 vir
473 481 601 567 lidgidus
612 484 677 565 ipse
691 501 842 545 coruscas.⁴

155 575 305 660 Tegmine
320 578 366 640 vir
375 576 496 653 niveus,
508 577 590 638 miro
603 578 771 638 diademate
784 575 898 651 sulvus,

157 669 312 752 Supplicis
324 692 417 752 usque
430 692 550 732 memor
561 716 570 748 ,
583 671 688 732 famuli
702 671 857 732 exauditor
869 669 1000 753 opime,

157 764 317 826 Fortunati
329 765 449 847 inopis,
462 766 573 847 trepidi
588 765 646 826 sibi
659 778 739 827 sorte
751 778 868 840 reatus,

157 857 304 920 Morbida
317 881 408 939 quem
422 861 525 921 rabide
539 861 654 923 circum
666 881 721 922 sua
732 861 860 925 crimina
873 858 1009 936 latrant,

156 950 200 1012 Et
212 953 276 1014 sera
289 953 390 1016 delicti
404 954 601 1036 penetraliter
613 954 714 1016 ulcera
728 955 878 1016 mordent.

157 1047 316 1113 Intercedc
330 1070 442 1132 precor
452 1049 588 1126 reniam,
604 1050 649 1111 vir
661 1051 769 1131 adepte
781 1068 927 1111 coronam
937 1091 952 1123 ‚-

156 1142 254 1226 Eripe
268 1157 370 1226 pastor
383 1164 491 1218 ovem,
505 1163 544 1205 ne
558 1143 663 1206 clauda
675 1143 724 1206 vel
736 1156 836 1205 extera
848 1155 954 1205 restet:

157 1236 284 1322 Porrige
298 1237 375 1301 celse
388 1258 529 1313 manum,
543 1259 613 1322 rege
625 1258 779 1322 gressum,
795 1238 889 1322 dirige
904 1258 1052 1315 sensum,

156 1330 360 1413 Excessusque
372 1353 475 1417 graves
490 1332 597 1394 leviori
611 1333 751 1394 examine
759 1353 887 1415 penses,

157 1425 206 1489 Ac
218 1427 319 1508 potius
329 1428 425 1509 pietas
438 1426 566 1509 opulens
576 1427 749 1489 miserando
761 1441 921 1509 precetur,

159 1517 246 1582 Mitis
260 1534 289 1582 et
301 1535 431 1582 exsortes
442 1521 594 1603 placident
607 1521 742 1583 fomenta
755 1523 899 1597 medelae,

157 1613 244 1675 lnter
255 1627 284 1675 ct
296 1615 360 1696 ipse
373 1613 477 1676 Deum
494 1628 581 1696 atque
595 1637 683 1677 reum
698 1617 847 1678 mediator
859 1618 960 1680 adesto
971 1660 988 1694 ,-

155 1706 272 1770 Dedris
285 1709 426 1792 genibus,
441 1710 533 1772 tensis
547 1712 585 1771 ad
599 1713 706 1797 sydera
717 1711 850 1794 palmis,

158 1802 296 1865 Vocibus
307 1802 447 1879 inclusis,
462 1805 571 1866 animis
584 1807 812 1887 penetrantibus
822 1827 930 1885 auras,

160 1895 312 1960 Obtineas
324 1898 461 1975 meritis,
474 1900 563 1982 judex
573 1921 642 1960 cum
654 1901 770 1962 venerit
781 1901 881 1978 orbis,

159 1992 208 2055 'l'u
221 2013 341 2073 quoque
351 1995 446 2076 jussus
460 1995 519 2056 eris
531 1995 634 2056 dextro
648 1997 780 2058 residere
793 1997 902 2074 sedili,

158 2088 283 2149 Arbiter
296 2087 327 2148 in
341 2088 472 2170 populos
483 2088 637 2165 tribuum,
649 2112 745 2172 pavor
757 2105 826 2153 ante
840 2091 982 2153 tribunal.

161 2182 303 2264 Qualiter
316 2183 458 2267 effugiam
470 2182 594 2254 flamma
606 2186 750 2248 stridente
764 2185 941 2250 caminum?

158 2276 248 2340 Tunc
261 2299 371 2360 precor
383 2291 415 2339 ut
427 2276 564 2362 fragilem
577 2299 662 2341 sacro
675 2279 825 2343 velamine
839 2280 936 2357 celes,

158 2371 202 2434 Et
213 2387 262 2434 tua
274 2395 323 2436 me
333 2372 490 2455 trepidum
505 2372 645 2434 defendat
656 2375 693 2436 ab
708 2376 775 2460 igne
789 2375 932 2440 lucerna:

158 2465 244 2528 Nam
255 2467 318 2530 scio
329 2488 418 2549 posse
432 2488 518 2529 reum
531 2470 668 2547 quemvis
678 2470 735 2532 tibi
746 2473 854 2534 cedere
869 2469 1049 2548 Christum,

160 2560 267 2640 Quem‘
278 2564 371 2623 sociat
383 2562 511 2643 proprio
525 2583 665 2624 mansura
678 2565 710 2625 in
724 2566 823 2629 secula
834 2585 943 2650 regno:

160 2652 209 2715 Sis
221 2676 332 2736 precor
345 2656 376 2715 in
390 2657 516 2717 domino
530 2657 635 2718 [amuli
648 2681 770 2722 memor
782 2661 861 2722 alme
873 2681 930 2743 per
944 2661 1049 2742 ipsum

160 2746 255 2831 Cujus
268 2750 325 2811 erit
336 2749 455 2810 tibimet
466 2749 570 2812 lumen
582 2753 647 2814 sine
659 2755 717 2816 line
729 2756 902 2818 videndum.

157 2843 210 2905 Da
221 2844 341 2904 veniam
355 2844 468 2921 dulcis,
482 2846 553 2927 pie,
567 2847 698 2926 blande,
711 2850 842 2935 benigne
854 2863 985 2933 patrone

161 2936 304 3000 Condere
317 2939 390 3000 dum
405 2939 506 3016 volni,
520 2941 591 3020 quia
602 2942 664 3005 laesi
678 2945 813 3007 carmine
825 2944 929 3007 flores.

159 3030 223 3094 Sed
234 3046 284 3094 tua
296 3032 360 3094 laus
372 3031 456 3094 nullo
470 3034 657 3097 breviabitur
669 3038 772 3120 ampla
783 3039 897 3115 relatu,

160 3125 266 3210 Quam
278 3127 363 3194 Deus
375 3128 407 3190 in
421 3129 508 3192 terris
520 3130 693 3214 pariterque
706 3135 833 3198 tetendit
844 3148 874 3197 et
885 3133 996 3213 astris,¹
