2230 3838
153 409 213 479 166
411 429 446 482 v.
464 427 500 482 u.
525 425 782 481 consonari

153 522 230 586 Non
241 518 327 582 dolus
340 519 371 580 in
385 517 491 595 labiis,
506 539 562 582 nec
575 530 643 580 sunt
656 519 721 581 sera
734 514 839 580 nubila
850 519 980 597 mentis,

197 614 330 677 Sinceris
341 614 450 676 animis
462 627 567 675 vernat
579 614 611 674 in
627 634 681 675 ore
696 615 770 675 dies.

154 707 376 788 Doctiloquum
389 707 504 770 flumen
517 708 636 769 salienti
651 708 735 769 some
749 709 900 787 refundis,

198 803 240 866 Et
250 824 353 865 sensus
365 803 482 864 steriles
494 824 569 865 voce
582 804 696 887 riganle
710 803 803 866 foves.

160 898 266 961 Ardua
279 897 424 960 coelorum
439 899 546 979 pandis
559 898 704 982 mysteria
716 897 822 976 terris,

209 991 271 1055 Per
282 1013 372 1073 quem
384 992 451 1074 plus
465 994 624 1053 dominum
638 993 712 1070 scit,
727 993 831 1069 timet,
846 1005 932 1071 orat,
950 1005 1028 1056 amat.

160 1087 312 1173 Dogmata
327 1087 430 1148 divino
445 1087 554 1168 praesul
568 1087 695 1151 facunde
710 1085 894 1169 triumphas,

202 1181 290 1243 Dans
305 1195 408 1264 pastor
422 1182 571 1260 monitus,
586 1203 626 1243 ne
638 1195 758 1264 premat
770 1201 858 1244 error
869 1202 953 1245 oves.

163 1276 283 1340 Delicis
295 1277 393 1340 reficis
404 1297 476 1358 quas
490 1277 617 1353 coelum,
632 1297 718 1354 arva,
733 1278 813 1338 unda
824 1277 990 1354 ministrat,

208 1370 249 1432 El
263 1372 348 1433 satiat
362 1371 493 1453 populos
503 1371 575 1433 hinc
587 1371 689 1447 cibus,
702 1371 772 1432 inde
784 1371 868 1433 fides.

161 1463 262 1528 Sumit
275 1486 394 1548 pauper
406 1485 515 1546 opem,
530 1465 622 1526 tristis
636 1485 742 1546 spem,
755 1466 851 1526 nudus
862 1465 1021 1542 amictum,

207 1558 325 1620 Omnia
340 1559 481 1639 quicquid
492 1559 602 1634 habes,
614 1558 757 1619 omnibus
770 1579 833 1620 esse
845 1559 932 1624 sacis.

162 1653 228 1717 Hic
238 1653 295 1716 tihi
308 1653 398 1736 longa
411 1652 489 1714 salus
500 1665 637 1729 maneat,
649 1651 698 1713 lux
711 1653 782 1714 inde
795 1653 912 1731 futura,

203 1749 304 1829 Atque
316 1747 367 1808 diu
380 1759 483 1828 pastor
496 1766 554 1829 pro
564 1767 652 1831 grege
666 1759 736 1812 vola
748 1747 835 1809 seras

180 1905 305 1960 xxvrn.
332 1905 382 1956 ΑΙ)
400 1904 661 1958 VENERABILEM
677 1906 795 1960 VIRUM
811 1905 1027 1961 AMPHIONEM

473 1997 766 2062 rossemanni.-
954 1994 958 1999 '

163 2097 236 2180 Vin
249 2118 359 2201 pietate
373 2117 487 2195 calcus,
501 2117 612 2180 blanda
623 2118 782 2182 dulcedine
793 2140 940 2200 vernaus,

210 2211 305 2296 Cujus
319 2212 350 2273 in
364 2225 486 2293 aspectu
497 2232 583 2274 meus
596 2213 728 2294 pretiosa
740 2213 842 2276 micat.

169 2307 274 2390 Quem
288 2307 371 2388 prius
384 2319 416 2367 ut
428 2307 527 2368 merui
539 2327 720 2390 cognoscere
731 2307 846 2370 lumine
859 2309 974 2386 vultus,

212 2401 365 2484 Conspexi
376 2402 477 2486 sensus
489 2400 594 2463 lumen
608 2402 704 2463 inesse
716 2402 782 2463 ribi.

169 2498 327 2580 Amphion
339 2497 416 2557 mihi
428 2517 496 2559 care
508 2510 595 2578 pater
607 2497 777 2558 venerande
791 2497 950 2574 sacerdos,

210 2591 311 2672 Atque
326 2611 396 2652 meo
409 2611 529 2672 semper
543 2592 634 2653 corde
647 2593 794 2652 tenendus
805 2610 902 2652 amor.

172 2684 1045 2768 Quiquemcunquenovumvideas,facisessepropinquum,

213 2779 247 2840 Si
261 2797 353 2863 genus
364 2779 502 2861 ignores,
515 2779 547 2838 fit
561 2778 616 2839 ribi
629 2792 731 2840 mente
743 2799 861 2861 parens.

172 2872 323 2936 Provocat
335 2873 502 2954 alloquium
516 2887 639 2936 cunctos
650 2875 779 2957 jucunda
790 2874 944 2958 voluptas,

215 2964 308 3050 Cogis
320 2980 350 3028 et
359 2969 517 3028 unanimes
528 2966 636 3050 jugiter
648 2988 712 3029 esse
724 2980 800 3029 tuos.

172 3060 298 3144 Ingenio
311 3061 412 3136 vivax,
427 3082 529 3122 sensus
541 3062 751 3123 moderamine
765 3062 886 3140 firmus,

216 3153 356 3215 Pondere
368 3154 487 3217 consilii
500 3155 572 3216 fixus
583 3155 695 3235 ubique
707 3175 841 3219 manens.

175 3246 241 3328 Qui
253 3248 331 3310 bene
345 3261 430 3312 caula
442 3248 520 3332 regis
531 3261 655 3314 maturae
668 3250 754 3314 frena
766 3263 909 3328 senectae,
