2230 3838
210 394 266 432 122
456 387 490 439 V.
524 387 559 439 tt.
589 387 838 440 FORTUNA'H

244 480 334 564 Vagit
347 479 444 542 infans
456 481 534 543 inter
545 494 625 544 areta
639 483 779 544 conditus
789 479 956 567 praesepia,

202 575 344 637 Membra
357 576 464 657 pannis
477 576 609 637 involuta
622 577 704 659 virgo
719 590 815 638 mater
828 577 947 662 alligat,

203 671 244 732 Et
257 671 366 751 pedes,
380 690 561 749 manusque,
574 691 679 746 eruta,
692 672 793 733 stricta
806 673 899 756 cingit
914 674 1021 738 fascia.

244 763 352 825 Lustra
360 785 408 826 sex
418 764 536 846 quijam
546 777 665 845 peracta
673 765 930 848 tempusimplens
939 774 1091 854 corporis,

205 857 246 920 Se
258 857 393 934 volente,
407 871 492 919 uatus
504 860 542 918 ad
555 859 631 934 hnc,
645 860 780 940 passioni
791 862 926 940 deditus,

202 954 306 1037 Agnus
319 953 350 1015 in
365 954 460 1016 erneis
472 952 588 1014 levatur
599 953 804 1020 immolandus
817 956 929 1038 stipite.

246 1046 309 1109 Hic
320 1060 456 1128 acetum,
469 1046 527 1122 tel,
540 1048 673 1124 nnmdo,
686 1060 793 1130 sputa,
806 1048 898 1126 clevi,
913 1050 1041 1132 lancea,

203 1140 282 1204 Mite
295 1162 404 1224 corpus
416 1141 602 1224 perforatur,
619 1143 754 1228 sanguis,
768 1144 849 1204 unda
862 1143 1010 1226 profluit,

202 1235 315 1313 Terra,
328 1249 454 1319 pontus,
468 1249 561 1310 astra,
572 1238 773 1318 mundusque
785 1237 920 1300 lavantur
931 1238 1072 1306 flumine.

245 1330 327 1395 Crux
339 1329 435 1392 fidelis
448 1331 526 1390 inter
537 1351 644 1391 omnes
657 1331 750 1392 arbor
759 1351 819 1392 una
833 1333 963 1412 nobilis,

201 1425 297 1488 Nulla
309 1425 401 1488 talem
414 1424 496 1510 sylva
507 1424 623 1506 prodent
635 1424 760 1500 fronde,
775 1423 867 1502 dore,
880 1430 1040 1510 germine:

201 1521 301 1584 Dulce
314 1520 444 1603 lignum,
458 1518 544 1582 dulce
554 1519 690 1606 signum,
703 1519 789 1583 dulce
802 1522 921 1601 pondus
933 1525 1071 1587 sustinet.

241 1613 344 1675 Flecte
356 1632 455 1672 ramos
467 1613 559 1674 arbor
572 1612 649 1685 nita,
663 1624 747 1672 tensa
760 1611 823 1673 laxa
834 1614 967 1695 viscera,

200 1707 242 1770 Et
254 1710 335 1792 rigor
347 1705 487 1768 lentescat
498 1706 568 1782 ille,
583 1727 673 1785 quem
688 1706 770 1766 dedit
781 1707 934 1784 nativitas,

199 1802 246 1864 Ut
257 1799 380 1884 superni
394 1799 531 1862 membra
542 1800 618 1883 regis
631 1797 697 1858 miti
710 1800 814 1860 tendas
821 1800 933 1882 stipite.

241 1895 314 1958 Sola
326 1897 414 1979 digna
427 1906 458 1955 tu
471 1895 551 1956 fuisti
564 1894 643 1955 serre
656 1891 789 1975 pretium
801 1893 912 1971 secuti,

197 1993 298 2072 Atque
309 2005 432 2074 portum
443 2009 611 2072 praeparare
625 1999 715 2048 nauta
727 1989 841 2048 mundo
852 1989 1021 2076 naufrago,

199 2086 303 2166 Quem
315 2106 397 2150 sacer
410 2105 500 2147 cruor
510 2081 649 2167 perunxit
661 2082 741 2144 susus
752 2082 819 2166 agni
832 2104 974 2166 corpore.

197 2272 279 2338 Crux
290 2274 449 2338 benedicta
460 2273 551 2349 nitet,
566 2274 706 2335 dominus
722 2291 782 2352 qua
794 2292 883 2336 carne
895 2277 1062 2358 pependit,

235 2370 336 2451 Atque
348 2389 456 2434 eruore
464 2389 521 2430 suu
533 2367 656 2430 vulnera
669 2380 771 2429 nostru
783 2367 869 2429 lavat.

193 2461 281 2525 Mitis
293 2483 397 2524 amore
408 2463 461 2544 pio
474 2482 533 2544 ,pro
547 2461 637 2523 nobis
651 2462 771 2525 victima
785 2462 897 2524 sactus:

234 2556 338 2618 Traxit
348 2557 387 2618 ab
401 2577 454 2617 ore
466 2555 531 2637 lupi
543 2575 602 2637 qua
615 2575 699 2619 sacer
710 2575 802 2640 ugnus
815 2576 896 2619 oves.

191 2650 353 2714 'Prnnsfixis
365 2650 474 2732 palmis
486 2651 538 2712 ubi
551 2652 699 2713 mundum
711 2671 729 2712 a
740 2651 824 2714 clade
835 2652 983 2730 redemit,

231 2746 331 2825 Atque
344 2764 398 2805 sun
412 2743 516 2821 elausit
526 2743 631 2807 funere
643 2745 750 2807 mortis
762 2745 829 2807 iter.

190 2839 254 2904 Hic
265 2860 370 2901 manus
380 2838 431 2900 itta
443 2839 498 2901 fuit
507 2840 599 2903 clavis
610 2840 724 2902 confixa
738 2838 884 2915 cruentis,

231 2934 310 3013 Quae
323 2935 435 3016 eripuit
448 2931 575 2997 Paulum
589 2935 734 3009 erimine,
746 2947 846 2996 morte
861 2932 998 2996 Petrum.

187 3027 356 3090 Fertilitnte
369 3041 477 3110 potens
490 3049 509 3090 ο
524 3028 609 3090 dulce
620 3041 650 3090 et
663 3027 767 3090 nobile
779 3028 911 3112 lignum,

229 3121 362 3204 Quando
375 3125 433 3185 tuis
445 3122 536 3184 ramis
545 3135 606 3183 tam
619 3143 699 3185 nova
710 3142 804 3205 ponta
814 3122 903 3206 geris.

187 3216 283 3302 Cujus
295 3219 390 3280 odore
403 3237 482 3279 novo
496 3216 635 3279 defuncta
643 3219 791 3281 nudavere
802 3229 943 3301 surgunt,
