2230 3838
147 279 207 354 164
396 293 421 346 V
450 292 484 346 fl.
509 292 765 347 FORTUNATI

146 386 212 467 Qui
225 398 348 448 nectens
360 385 478 450 animos
491 397 668 446 cunctorum
683 386 715 446 in
728 406 832 447 amore
844 386 954 465 beato,

118 517 120 523 ι
188 479 262 544 Post
270 493 298 540 te
312 500 380 542 cere
391 493 477 562 pater
488 493 611 562 pectore
625 494 712 563 capta
722 482 823 542 trahis.

148 574 210 637 Sed
224 587 323 636 tamen
338 575 497 651 intereos,
512 588 561 635 tua
575 597 650 655 quos
661 577 788 638 dulcedo
800 575 947 658 replevit,

190 667 354 752 Promptus
367 669 399 730 in
412 669 520 732 affectu
532 672 634 751 portio
647 672 746 752 major
758 690 839 754 agor.

149 761 268 824 Lumen
283 763 370 825 dulce
384 784 505 840 meum,
519 765 623 846 patriae
633 765 736 848 vigor,
750 766 827 825 altor
840 777 1004 848 egentum,

193 857 270 938 Spes
281 858 526 940 peregrinorum,
541 861 648 920 ductm
659 861 817 939 honorque
831 872 964 941 patrum.

152 951 185 1014 si
200 972 268 1014 mea
277 974 334 1013 vox
345 952 406 1036 jugi
417 966 570 1014 resonaret
583 955 722 1015 acumine
735 973 876 1029 carmen,

192 1045 294 1108 Laude
308 1046 409 1106 minor
421 1044 577 1125 loquerer,
592 1051 690 1130 major
703 1068 807 1109 amore
820 1061 915 1131 pater.

150 1138 285 1202 Maxima
298 1141 350 1201 sed
361 1141 457 1202 nostri
470 1142 556 1202 datur
568 1143 631 1205 lraec
646 1143 764 1205 occasio
776 1143 855 1218 voti,

193 1234 254 1298 Vel
264 1255 434 1297 memorare
448 1249 532 1295 tuum
543 1258 676 1312 nomen,
690 1237 811 1318 opime,
824 1257 953 1299 sacrum.

124 1380 126 1384 .
154 1327 416 1394 Commendantur
427 1331 500 1390 item
513 1343 617 1392 vestrae
633 1331 752 1414 pietatis
765 1331 881 1409 amori,

192 1423 293 1507 Agnes
303 1445 378 1486 voce
390 1425 498 1485 humili
510 1446 579 1486 cum
594 1423 778 1510 Radegunde
792 1426 869 1507 pari.

151 1516 248 1600 Larga
261 1518 429 1579 salutiferos
441 1518 537 1602 vigeat
550 1519 605 1580 tibi
616 1520 676 1580 vita
687 1541 742 1601 per
756 1541 867 1597 annos,

193 1611 277 1674 Nam
291 1625 341 1672 tue
352 1634 417 1693 quae
430 1612 536 1690 fuerit,
552 1613 584 1674 lit
597 1634 683 1689 mea,
697 1635 783 1690 care,
799 1614 885 1676 salus.

153 1777 262 1830 XXVI.
277 1776 332 1827 DE
348 1777 506 1829 DOMNO
525 1777 719 1831 AGERICO
737 1777 1037 1833 VERlDUNENSl

505 1868 687 1908 smscoro.

155 1969 257 2053 Ums
268 1990 427 2052 Veriduna
437 1991 523 2052 brevi
537 1993 672 2073 quamvis
686 1992 831 2056 claudaris
843 1995 874 2055 in
888 1995 984 2072 orbe,

187 2083 354 2148 Pontificis
365 2087 481 2147 meritis
494 2087 675 2169 amplificata
687 2087 795 2170 places.

155 2180 259 2264 lllajor
273 2181 304 2241 in
317 2193 440 2264 angusto
456 2181 610 2264 praefulget
623 2184 715 2264 gratia
728 2201 818 2264 gyro,

198 2275 325 2359 Agerice
337 2289 403 2337 tuus
417 2297 508 2358 quam
522 2276 616 2360 magis
630 2277 708 2336 auxit
719 2277 827 2337 honor.

158 2367 294 2431 Plurima
305 2391 480 2454 magnarum
494 2370 594 2431 fudisti
608 2371 723 2431 semina
735 2369 873 2445 laudum,

200 2462 279 2542 Quae
290 2477 406 2525 matura
419 2465 521 2546 operis
532 2462 684 2526 fertilitate
698 2465 795 2526 metis.

91 2584 96 2592 ·
156 2553 313 2637 Tempore
327 2559 466 2640 praesenti
479 2559 591 2620 victum
602 2557 718 2642 largiris
731 2558 849 2642 egenis,

198 2647 291 2710 Unde
304 2651 402 2711 futura
415 2652 479 2712 dies
492 2653 704 2734 centuplicabit
718 2673 801 2734 opes.

155 2741 317 2825 Dogmatis
328 2745 428 2805 arcani
440 2765 554 2806 reseres
565 2746 731 2828 penetralia
743 2759 862 2829 pastor,

199 2836 269 2899 Nec
282 2836 378 2899 solum
393 2839 537 2920 dapibus,
553 2842 650 2922 pascis
662 2854 692 2902 et
705 2862 757 2903 ore
769 2861 882 2926 greges.

157 2929 289 3012 Templa
300 2944 412 2994 vetusta
424 2953 516 2994 novas
529 2935 707 3017 pretiosius,
722 2948 751 2996 et
764 2956 842 2996 nova
856 2936 979 3013 condis,

202 3023 322 3087 Cultior
334 3040 377 3088 est
389 3028 506 3088 domini
521 3041 549 3089 te
562 3029 725 3091 famulante
738 3031 854 3090 domus.

158 3117 303 3206 Egregios
314 3122 411 3185 fontes
422 3122 498 3185 sacri
511 3123 698 3205 baptismatis
710 3123 824 3206 exples,
