2222 3844
162 384 222 437 nn
242 385 341 439 v1rn
369 383 397 436 s.
421 382 606 440 Mnnvtrtt
632 383 762 440 ttnnn
787 386 846 441 111.
911 373 955 438 63

69 477 133 542 Una
145 481 288 542 ministra
300 480 367 543 viro
379 479 499 543 suffecit
509 481 546 542 ad
560 480 665 543 omnia
677 483 745 544 soli.

68 573 190 638 Coennla
204 575 327 652 finitur,
341 576 394 636 sed
407 575 503 638 adhuc
515 574 618 660 regina
630 577 734 665 satagit

63 667 244 756 Fragmina,
259 669 434 752 relliquias,
450 684 562 733 crustas
575 683 605 732 et
617 670 709 734 frusta
719 675 905 756 recondens,

64 761 178 828 Omnia
192 787 377 849 praeponens
389 766 453 829 haec
466 765 677 848 imperialibus
689 767 773 833 escis.

64 858 130 924 Hoc
144 859 303 923 Martinus
315 861 391 946 agit,
406 882 467 942 qno
482 861 599 925 clausos
612 882 732 941 carcere
746 863 841 944 laxet,

58 952 156 1016 Exilio
166 958 281 1019 ductos
294 955 467 1037 laribusque
483 957 607 1019 reducat
619 957 715 1019 avitis.

61 1047 117 1110 Sed
125 1051 202 1127 tibi,
219 1063 320 1114 sancte
331 1064 433 1133 pater,
445 1051 546 1112 minus
554 1064 599 1114 est
608 1051 741 1138 Augusta
750 1054 833 1136 quod
840 1054 951 1138 explete

60 1139 128 1206 Hoc
141 1147 244 1232 magis
256 1145 402 1227 obsequio
417 1146 511 1209 crevit
525 1148 628 1232 regina
640 1162 774 1232 peracto.

59 1234 110 1298 Est
121 1239 210 1301 locus
225 1239 257 1300 in
275 1238 438 1302 Turonum
450 1241 511 1303 fine
524 1255 555 1304 et
568 1243 687 1306 confine
701 1243 881 1327 Biturgum‚

58 1329 160 1396 Incola
175 1356 273 1416 quem
286 1335 387 1398 vicum
401 1337 542 1399 vocitavit
558 1335 690 1400 Claudio
703 1357 842 1422 magum,

58 1424 178 1492 Mansio
193 1431 275 1492 forte
291 1431 348 1491 fuit
360 1428 498 1494 Martino
510 1435 722 1515 praetereunti,

57 1520 201 1587 Ecclesiae
215 1525 334 1586 domini
346 1546 405 1606 qua
418 1527 579 1590 secretaria
592 1527 726 1609 pollent,

58 1615 255 1704 virgineique
271 1621 357 1684 chori
370 1635 474 1685 sancto
487 1623 666 1685 abscedente
680 1623 854 1704 requirnnt,

60 1709 128 1792 Quo
141 1715 246 1791 stetit,
262 1729 312 1777 ant
329 1716 424 1791 sedit,
438 1716 530 1799 jacuit
543 1737 640 1800 genua
653 1729 741 1798 atque
757 1716 888 1792 reflexit,

61 1803 212 1872 lambunt
227 1823 331 1873 cuncta
343 1811 435 1872 simul
448 1810 496 1872 vel
510 1812 547 1872 ad
561 1811 663 1874 oscula
676 1812 791 1897 singula
804 1814 928 1877 ducunt.'

63 1899 196 1968 Divisere
211 1905 257 1966 sui
270 1905 434 1967 venerandi
448 1906 592 1966 stramina
609 1904 697 1982 lecti,

64 1993 153 2078 Atque
168 2000 253 2061 leves
262 1999 368 2081 'paleas
379 1999 497 2062 virtutis
510 2001 646 2082 pondere
658 2013 803 2082 pensant,

64 2088 159 2171 Quam
172 2094 274 2178 tetigit
286 2094 429 2176 stipulam
443 2107 561 2158 sanctus
574 2115 637 2156 non
651 2095 713 2156 ibat
726 2094 836 2156 inanis:

60 2183 198 2271 Denique
214 2202 282 2270 post
295 2189 408 2274 fragilis
422 2189 569 2274 confregit
583 2189 673 2251 fortia
687 2188 814 2252 culmus.

60 2277 136 2344 Nam
148 2283 284 2369 graviter
297 2285 450 2365 quendam
463 2296 496 2345 ut
508 2285 608 2346 rabies
620 2285 770 2345 invaserat
782 2283 892 2362 hostis,

61 2372 96 2436 Et
106 2379 293 2443 truculentus
307 2399 396 2462 agens
407 2379 520 2440 erroris
533 2379 655 2459 spiritus
668 2378 745 2454 iret,

60 2466 137 2534 llum
150 2474 299 2556 rapiendo
314 2486 518 2536 rotatvesano
533 2475 656 2536 cardine
671 2473 824 2555 praedaua,

63 2560 146 2630 llnnc
158 2589 302 2650 suspensa
315 2569 373 2630 viri
387 2567 468 2632 collo
482 2570 595 2632 festuca
608 2569 736 2652 fugavit,

61 2655 286 2744 lmmanemqne
298 2664 418 2726 hostem
432 2663 562 2746 palearis
574 2665 665 2726 arista
680 2665 821 2732 removit.

60 2749 144 2818 'libia
156 2757 240 2841 fruge
254 2757 335 2819 ferax
347 2759 463 2822 larvam
476 2759 604 2844 jaculata
617 2761 748 2845 sagittat,

62 2844 97 2908 Et
108 2851 218 2935 stipula
230 2852 313 2914 exilis
325 2855 409 2935 quasi
423 2856 498 2916 dura
511 2854 634 2918 falarica
646 2856 725 2918 lixit:

62 2939 124 3008 Nec
135 2947 180 3010 sic
193 2946 281 3010 ullius
295 2947 369 3010 ferri
383 2949 547 3031 expavisset
561 2970 709 3027 acumen,

64 3035 181 3122 Spicula
194 3064 252 3106 nec
265 3056 379 3123 mntem
394 3045 542 3107 timuisset
555 3045 644 3107 missa
658 3066 714 3128 per
725 3065 830 3109 arcum

62 3129 185 3200 Lubrica
201 3139 366 3224 pennigero
379 3127 531 3226 venientia
543 3141 604 3202 tela
617 3141 736 3218 volatu,

64 3221 194 3296 Parthica
204 3253 257 3297 seu
269 3234 412 3298 timidum
427 3234 452 3298 si
465 3235 671 3300 transfodisset
684 3236 820 3314 arundo,
