2218 3862
317 339 553 395 ronmlrnu
575 341 694 396 menn
715 341 750 394 x.
802 378 804 381 t
913 329 976 396 333

135 427 261 493 Credite
273 432 317 492 mi
328 453 403 494 earoe
415 448 554 497 meteret
567 436 647 496 alma
660 456 757 496 soror.

86 522 134 586 Et
147 547 212 606 qnae
223 545 293 585 rura
306 526 404 588 lerunt
417 528 466 590 hie
480 530 589 590 rustica
601 531 679 590 done
690 528 849 605 ministro',

136 615 298 681 Castaneas
311 619 435 697 molles,
450 643 523 702 quas
535 623 617 684 dedit
629 624 719 684 arbor
731 623 817 708 agris.

355 776 450 827 xrrr.
472 778 554 848 nno
576 777 718 830 nuens

90 873 221 959 Asnnxt
232 897 339 980 digitos
351 917 409 979 per
421 897 515 957 lactea
527 917 653 957 munera
666 897 757 973 fixos,

136 987 177 1050 Et
188 1003 243 1050 stat
257 990 336 1071 picta
351 1010 455 1050 manus
467 990 517 1051 hic
532 991 584 1050 ubi
597 1009 698 1050 erema
714 990 806 1071 rapis:

90 1083 240 1166 Dic-rogo
254 1085 319 1164 quis
330 1097 449 1145 teneros
461 1084 504 1145 sic
515 1083 653 1164 sculpere
666 1083 814 1164 compulit
827 1095 907 1147 utres
914 1099 926 1162 ,'

135 1175 278 1237 Daedalus
290 1197 328 1238 an
338 1178 424 1239 vobis
438 1177 543 1238 doctor
557 1177 588 1235 in
603 1189 665 1236 arte
679 1177 754 1237 suit?

95 1267 129 1331 Ο
143 1271 328 1331 venerandus
340 1289 443 1343 amor,
457 1271 539 1350 cujus
553 1269 683 1352 fugiente
697 1270 822 1350 rapina,

140 1360 297 1424 Subtracte
307 1363 406 1443 specie
418 1363 500 1423 venit
512 1362 611 1445 imago
629 1363 713 1423 mihi.

98 1453 177 1538 Spes
187 1455 257 1531 snit,
268 1456 331 1517 haec
344 1457 488 1534 quoniam
501 1456 583 1516 tenui
597 1476 628 1515 se
640 1455 887 1538 tegmine'rupite

139 1547 224 1608 Nam
235 1568 333 1627 neque
344 1549 387 1609 sic
398 1549 502 1609 habuit
513 1568 583 1628 pars
596 1548 670 1607 mihi
684 1568 775 1629 parva
788 1549 863 1610 dari.

95 1640 174 1704 Haee
186 1641 276 1703 facias
287 1640 391 1722 longos
403 1641 527 1700 domino
541 1639 691 1702 tribuente
704 1663 761 1722 per
773 1661 883 1719 annos,

140 1735 178 1796 ln
190 1735 245 1799 hac
257 1735 323 1798 luce
336 1734 426 1797 simul
438 1747 534 1796 matre
547 1748 687 1800 manente
702 1735 764 1800 diu.

306 1871 310 1881 '
366 1889 445 1943 xrv.
463 1890 546 1943 nnn
570 1890 717 1944 nncnn.

100 1989 199 2091 Qum
209 2021 269 2068 tam
283 2009 369 2072 dulce
383 2010 488 2071 darent
500 2010 638 2070 mihimet
650 2024 805 2090 materque
819 2026 983 2091 sororque‚'

142 2101 245 2182 Quam
259 2105 351 2163 modo
365 2105 446 2185 quod
459 2105 594 2164 tribuunt
608 2123 739 2186 congrue
750 2103 835 2165 lactis
849 2106 962 2186 opem?

100 2194 186 2259 Sicut
199 2197 363 2278 apostolico
380 2198 521 2278 praecepit
535 2198 673 2284 dogmate
690 2193 817 2273 Paulus,

144 2288 224 2354 Cum
238 2291 365 2351 infirmis
377 2291 485 2350 animis
497 2291 543 2353 lac
555 2290 639 2373 jubet
652 2290 716 2370 ipse
730 2290 806 2351 dari.

102 2382 254 2459 Sollicite,
269 2405 357 2446 soror
369 2395 398 2444 et
409 2385 559 2467 genetrix,
574 2386 612 2444 de
625 2383 749 2448 nomine
763 2395 884 2462 nostru,

143 2477 194 2540 De
205 2477 291 2540 vobis
302 2497 424 2559 semper
436 2477 474 2537 sit
486 2477 538 2558 pie
551 2497 623 2540 curn
636 2474 719 2537 Deo.¹

348 2633 410 2685 XV.
432 2632 514 2684 etto
537 2629 742 2683 PRANDIO.

95 2734 270 2828 Nessum,
282 2753 395 2828 fateor,
409 2753 484 2812 mihi
499 2753 626 2833 prandia
637 2752 711 2814 lassa
725 2749 841 2832 pareri,

145 2847 197 2911 sie
209 2848 312 2908 animo
325 2865 443 2906 merear
455 2867 541 2927 posse
556 2845 676 2927 placere
690 2857 753 2903 tuo.

102 2941 172 3004 Nec
184 2952 324 3023 poterant
335 2939 428 3019 aliqui
439 2939 520 2999 vultu
531 2961 581 3000 me
592 2938 721 2999 avellere
733 2947 850 3013 vestro,

146 3034 180 3096 Si
193 3056 255 3100 non
267 3034 388 3096 artificis
399 3033 477 3093 srens
491 3033 621 3094 latuisset
632 3032 731 3111 inops.

107 3127 185 3215 Quis
197 3129 274 3191 milti
284 3129 335 3193 det
347 3127 476 3210 reliques
488 3126 608 3210 epulas²
621 3125 674 3188 nbi
685 3142 758 3196 vnce
770 3119 852 3186 fideli
