2222 3852
303 283 545 338 rosnarum
568 283 687 337 amun
711 285 745 336 v.
904 300 962 362 ιη

120 374 158 439 Si
170 381 233 462 jam
244 399 337 442 uentu
350 395 445 458 vetat,
458 403 519 462 quo
533 381 625 442 trahit
636 381 681 442 ira
691 400 807 462 sequar.

75 471 160 536 Haec
174 485 305 535 extrema
317 487 419 538 tamen
429 475 538 557 loquar
550 486 583 537 et
596 477 792 538 memoranda
805 477 923 556 dolori,

123 565 211 630 Hinc
222 581 271 629 tua
284 589 347 631 non
359 582 410 631 tua
421 590 503 646 sum,
517 568 680 631 Goisuinta
690 569 764 631 vale.

75 658 199 723 Oscula
211 662 255 725 sic
267 676 426 745 rumpunt,
442 677 471 725 et
484 665 539 724 fixa
552 664 598 724 ori
611 684 664 724 ora
675 663 843 745 repellunt,

119 754 209 815 Dum
220 777 252 817 sc
265 777 327 818 non
339 770 477 839 possunt,
493 778 561 818 acra
575 758 681 819 lambit
692 777 788 819 amor.

81 847 167 910 Hinc
178 849 295 930 pilente
308 863 413 932 petens
425 851 492 913 loca
504 849 623 913 Gallica
637 850 830 929 Gelesuinta,

122 939 230 1004 Stabat
242 943 298 1003 fixa
313 944 408 1006 oculis
418 945 510 1006 tristis
523 956 612 1007 eunte
621 957 698 1006 rota.

77 1034 110 1096 E
121 1049 229 1098 contra
241 1037 373 1119 genetrix
383 1051 452 1119 post
462 1050 565 1098 natam
578 1036 693 1098 lumina
708 1039 851 1116 tendem,

123 1129 201 1191 Uno
213 1142 308 1190 stante
320 1130 389 1194 loco
404 1131 499 1214 pergit
512 1131 619 1212 etipsa
631 1131 730 1192 simul.

83 1222 161 1286 Tota
171 1237 305 1286 tremens
317 1224 408 1310 agiles
420 1237 539 1306 raperet
552 1244 590 1285 nc
604 1224 686 1284 mula
697 1224 868 1310 quadrigas,

123 1318 187 1380 Ant
200 1338 292 1398 equus
302 1317 463 1399 impatiens
474 1329 603 1379 verteret
615 1338 666 1378 axe
681 1331 769 1379 rotas.

83 1410 230 1474 Sollicitis
242 1410 336 1475 oculis
347 1411 605 1474 circumvolitabat
617 1425 786 1488 amantem,

125 1505 205 1567 llluc
217 1518 317 1567 mente
329 1525 455 1584 sequens
468 1525 526 1584 qua
536 1505 585 1567 via
597 1504 690 1568 llectit
702 1506 768 1566 iter.

90 1595 173 1682 Soepc
187 1599 366 1678 loquebatur
378 1598 460 1679 quasi
470 1620 572 1662 secum
584 1600 800 1678 nata-sederet,

124 1692 352 1772 Absentemque
364 1713 454 1754 mauu
465 1693 527 1754 visa
539 1706 641 1754 tenere
655 1713 715 1754 sua.

83 1785 240 1850 Prendere
252 1807 284 1848 se
295 1787 419 1848 credens
428 1787 460 1847 in
473 1799 578 1848 ventos
590 1786 712 1848 brachia
722 1787 828 1867 jactat,

124 1879 197 1943 Nec
211 1892 311 1940 natam
325 1879 451 1962 recipit,
465 1880 517 1941 scd
530 1899 601 1964 vaga
610 1877 705 1941 flabra
716 1879 794 1942 serit.

84 1974 170 2036 luter
183 1985 226 2034 tot
240 1974 366 2035 comites
378 1994 469 2035 unam
481 1975 632 2057 spectabat
645 1987 785 2050 euntem,

126 2065 203 2129 Sola
214 2067 371 2130 ridebatur
383 2088 441 2148 qua
453 2089 522 2130 suus
535 2068 597 2130 ibat
608 2087 704 2129 amor.

84 2159 159 2224 Plus
170 2162 303 2245 genetrix
313 2183 454 2245 suspensa
465 2163 585 2240 auimo,
599 2182 690 2244 quam
704 2161 765 2222 lilia
776 2182 883 2241 curru,

127 2255 207 2319 Haec
219 2255 348 2318 titubans
359 2257 436 2318 votis
448 2257 528 2332 ibat,
541 2269 571 2317 et
583 2256 635 2316 illa
646 2256 729 2318 rotis.

84 2350 198 2413 Donec
209 2349 297 2434 longe
311 2350 405 2412 oculis
415 2351 571 2434 spatioque
585 2351 704 2412 evanuit
716 2347 836 2430 amplo,

126 2443 197 2508 Nec
210 2443 305 2506 visum
318 2445 433 2529 attingit
445 2446 518 2505 dum
531 2444 602 2528 tegit
613 2444 721 2505 umbra
733 2442 826 2504 diem.

83 2539 156 2623 Ipsa
169 2551 252 2622 putat
265 2540 371 2601 dubios
384 2552 503 2600 natasse
517 2558 640 2602 cernere
653 2537 768 2612 vultus,

128 2633 249 2697 Etcum
261 2633 358 2695 forma
371 2633 459 2716 sugit,
475 2632 569 2696 dulcis
583 2633 681 2715 imago
696 2631 783 2692 redit.

85 2723 119 2790 0
133 2747 249 2789 nomen
261 2727 371 2809 pietate
385 2727 501 2804 calens,
516 2748 536 2788 ο
549 2746 620 2790 cura
631 2725 742 2787 fidelis!

128 2819 278 2902 Quamvis
290 2821 404 2884 absenti
416 2821 488 2901 quid
501 2821 558 2882 nisi
572 2831 669 2881 mater
682 2819 765 2881 cras?

83 2915 225 2978 Fletibus
237 2933 291 2976 ora
304 2915 418 2998 rigans,
428 2914 567 2976 laurentis
580 2915 685 2998 sydera
697 2911 836 2995 pulsans,

127 3005 253 3091 Singula
264 3029 507 3071 commemorans
520 3007 634 3083 dulcia,
649 3008 740 3081 dura,
755 3004 815 3084 pia.

83 3100 233 3180 Mobilis,
246 3101 425 3186 impatiens,
441 3115 593 3178 metuens,
606 3099 680 3163 llens
693 3099 777 3160 auxia
790 3108 903 3171 mater,

763 3212 801 3274 ¹9
