2230 3838
161 345 220 409 138
414 363 446 416 v.
468 365 502 416 u.
528 365 778 418 ronrunsrr

199 450 299 532 Atque
309 453 404 536 magis
414 453 533 530 timuit,
548 455 668 536 quando
679 453 791 517 solutus
804 469 876 516 erat.

160 545 241 626 Quae
253 547 330 608 ratio
342 545 450 624 suerit,
464 548 571 610 eeeidit
583 569 636 610 eur
648 569 763 630 pronus
775 549 807 608 in
821 549 918 623 arvis,

200 639 321 702 Gaudia
333 661 440 725 magna
453 642 575 720 quidem
588 662 668 723 saepe
681 642 790 702 timere
803 642 912 702 solent.

157 733 244 795 Dum
257 747 354 817 stupet
366 736 445 796 unde
458 735 535 798 salus
548 735 653 798 laceris
665 748 710 796 est
722 737 838 796 reddita
849 734 984 816 plantis,

198 826 377 890 Admirante
391 829 494 889 animo
505 829 643 890 membra
657 828 753 890 soluta
766 827 870 889 lluunt.

156 921 232 984 Inde
246 936 328 986 vetus
340 923 450 986 mulier
463 925 577 1006 pariter
589 935 727 985 nascente
738 922 874 1003 periclo,
898 973 903 980 .

197 1015 334 1079 Vulnere
347 1029 461 1077 naturae
473 1029 595 1078 mortua
608 1017 746 1077 membra
758 1015 835 1075 tulit.

156 1109 292 1173 Inclusos
305 1110 413 1194 digitos
426 1110 536 1172 morbo
550 1122 727 1170 numerante
740 1110 875 1170 tenebat:

198 1203 268 1266 Nec
280 1209 398 1284 poterat
411 1204 500 1265 ducto
512 1200 624 1284 pollice
638 1201 687 1262 fila
703 1203 784 1263 dare.

158 1296 271 1360 Secum
286 1309 355 1358 nata
367 1297 508 1377 quidem,
523 1297 648 1358 sednon
662 1315 715 1356 sua
726 1296 826 1355 dextra
838 1296 1012 1377 pependit,

200 1389 341 1472 Corpore
353 1392 453 1474 juncta
466 1411 521 1450 suo
532 1409 579 1451 res
592 1389 690 1450 aliena
703 1390 767 1451 luit.

158 1481 314 1566 Tempore
327 1486 380 1545 sed
393 1485 477 1543 tardo
492 1504 561 1544 eum
573 1485 634 1564 jam
646 1504 713 1564 spes
727 1482 819 1545 fracta
830 1485 961 1566 jaceret,

200 1576 279 1637 Ante
293 1589 376 1637 tuum
389 1575 539 1637 tumulum
552 1576 701 1637 vivificata
712 1597 826 1636 manus.

161 1668 215 1733 Sic
226 1670 416 1751 inopinatum
429 1670 621 1732 commendat
634 1669 728 1750 grati-a
739 1682 860 1730 votum:-

199 1763 368 1845 Desperata
380 1764 457 1825 salus
470 1763 587 1826 dulcior
601 1783 665 1823 esse
676 1762 762 1823 solet.

158 1855 287 1919 Mobilis
299 1878 369 1942 ergo
381 1859 464 1919 venit
476 1857 575 1941 digitis
586 1856 774 1937 torpentibus
785 1856 918 1930 humor,

199 1949 242 2011 Et
255 1951 440 2033 dispensatus
452 1949 535 2013 {luxit
550 1951 581 2010 in
594 1970 691 2031 ungue
703 1949 795 2032 vigor.

157 2043 253 2106 Arida
265 2065 429 2108 neruorum
441 2065 505 2106 sese
517 2047 654 2128 junctura
668 2043 811 2118 tetendit,

201 2137 389 2222 Agnovitque
403 2160 490 2200 suum
501 2159 578 2200 vena
588 2136 685 2199 soluta
697 2136 808 2198 locum.

159 2233 240 2316 Apta
252 2232 425 2294 ministeriis
439 2232 563 2313 incoepit
574 2230 677 2312 palma
687 2229 822 2306 moveri,

202 2325 498 2390 Servitiumdiseens
510 2324 610 2385 libera
618 2325 720 2384 dextra
732 2323 798 2384 suit.

159 2422 192 2485 N
195 2444 229 2485 ee
242 2433 356 2488 tantum
368 2419 513 2502 profugos
524 2418 621 2500 pietas
634 2429 684 2478 tua
696 2415 828 2479 reddidit
841 2427 938 2492 artus,

202 2515 346 2577 Reddidit
359 2526 388 2575 et
400 2514 511 2575 victum
524 2532 620 2593 pensa·
628 2511 764 2572 trahente
776 2530 880 2571 manu.

160 2607 309 2689 Eripuisti
322 2607 412 2668 aliam
425 2603 518 2666 simili
531 2606 569 2666 de
583 2617 666 2686 peste
678 2603 829 2685 puellam,

203 2699 404 2780 Membraque
417 2700 573 2762 restituens
586 2697 654 2778 plus
667 2697 774 2757 animoa
786 2695 904 2756 tribuis.

160 2793 351 2876 Desponsata
362 2793 427 2856 viro
440 2791 562 2853 mortali
574 2791 639 2874 lege
652 2793 662 2873 j
666 2791 785 2864 scebat,

203 2887 297 2950 Nunc
307 2887 443 2949 thalamis
458 2883 571 2948 Christi
583 2885 668 2968 virgo
682 2885 777 2946 dicata
791 2881 894 2944 micat.

141 3053 143 3060 ¹
164 2981 283 3068 Sponsa
294 2983 417 3064 quidem
428 2981 523 3043 radiat
536 3000 606 3043 eum
617 2978 786 3062 virginitate
798 2977 954 3051 modesta,

207 3075 269 3160 Spe
282 3075 410 3138 meliore
424 3075 526 3136 fruens
537 3086 631 3156 nupta
642 3073 773 3134 tenenda
785 3069 874 3152 polis.

133 3211 134 3216 κ
166 3169 235 3233 Nee
245 3171 355 3234 fructus
368 3169 445 3232 uteri
458 3167 566 3236 sterilis
578 3166 718 3251 deperdit
728 3163 867 3240 honesti,
