2230 3838
270 325 513 379 POEMATUM
535 326 664 382 LIBER
689 327 748 380 111.
892 313 951 400 159

103 418 186 481 flaee
199 438 320 500 qnoque
333 439 403 480 cum
415 417 537 503 relegis,
552 440 602 480 me
613 439 784 482 memorare
797 419 880 482 velis.

105 558 260 613 XXXIII.
279 558 334 610 AD
359 559 629 614 ANTHEMIUM
653 559 901 618 DIACONUM·

61 675 205 761 Suscuu
219 697 403 776 versiculos,
417 698 580 776 Anthemi,
594 699 702 784 pignos
713 701 860 778 amantis,

110 793 195 875 Quos
207 794 265 856 tibi
279 793 397 856 sincero
410 793 510 855 fundit
520 815 625 856 aurore
638 807 714 855 tuus.

66 890 145 956 Cum
158 903 209 950 tua
222 889 374 951 blanditus
384 890 530 950 retineret
540 888 656 952 lumina
668 910 808 967 somnus,

102 986 255 1064 Lassaque
268 985 386 1047 fecisset
399 985 539 1046 rnernbra
548 987 647 1068 jacere
661 985 760 1046 thoro.

60 1081 147 1143 Dum
161 1079 287 1156 dubito,
300 1099 412 1162 pecco,
426 1078 534 1141 nolens
546 1099 652 1141 vexare
663 1079 814 1159 quietum,

104 1173 157 1238 Sic
169 1193 242 1234 mea
253 1173 342 1256 culpa
354 1175 397 1235 tni
410 1193 497 1236 causa
510 1173 629 1256 soporis
642 1173 707 1234 erit,

60 1269 198 1333 Discedo
210 1269 316 1331 tacitus
328 1268 420 1330 veluti
434 1269 482 1330 lur
495 1267 594 1331 indice
605 1267 708 1344 nullo,

102 1364 174 1426 Nec
188 1362 249 1424 dixi
262 1363 452 1445 amplexans,
467 1363 559 1426 irater
571 1376 689 1438 amate,
705 1361 781 1424 vale.

59 1459 140 1522 Non
150 1459 237 1521 licuit
250 1459 390 1519 mandata
403 1459 506 1520 animo
521 1458 713 1521 committere
725 1477 814 1535 caro,

107 1551 176 1615 Nec
189 1553 285 1614 tenuit
298 1553 398 1615 verbis
408 1553 483 1614 hora
497 1553 545 1615 vel
558 1573 618 1614 nna
629 1553 698 1614 tuis.

66 1644 224 1710 Testilicor
238 1647 414 1723 dominnm,
429 1647 505 1708 rnibi
518 1647 638 1709 fortiter
650 1663 713 1708 esse
727 1640 905 1725 molestum,

106 1741 203 1822 Quod
214 1741 260 1804 sic
273 1742 419 1818 abscedo,
434 1763 491 1804 nec
503 1755 553 1802 tua
564 1743 643 1804 dicta
654 1741 730 1802 lero.

65 1834 126 1898 Sed
137 1835 190 1916 qui
203 1833 292 1916 plura
302 1835 406 1897 volens
419 1848 556 1917 poteram
570 1848 641 1898 tunc
653 1835 753 1897 dicere
766 1856 914 1918 praesens,

107 1929 202 1992 Nunc
215 1930 303 1992 iaciat
315 1931 418 2012 paucis
429 1931 538 2014 pagina
550 1930 641 1992 missa
652 1930 745 2010 loqui.

66 2023 142 2090 Haec
149 2037 253 2085 tamen
263 2037 332 2086 ante
342 2023 446 2086 Deum
459 2038 575 2108 rogote
588 2025 665 2086 mihi
678 2045 805 2088 munera
818 2039 950 2109 praestes,

106 2115 264 2180 Omnibus
277 2132 309 2179 nt
320 2140 442 2201 semper
455 2139 540 2182 carus
553 2120 665 2200 ubique
682 2121 786 2182 mices·

66 2205 172 2274 Nemo
186 2212 263 2272 mibi
275 2225 405 2289 vestem,
414 2214 537 2275 denaria
547 2235 640 2276 nerno
653 2214 818 2292 ministret,

109 2304 203 2387 Quod
213 2306 342 2369 dulcedo
356 2321 478 2385 monet,
492 2309 552 2370 boc
565 2308 641 2369 mibi
655 2329 748 2370 nerno
761 2321 858 2392 neget.

134 2449 276 2503 XXXIV.
298 2450 355 2503 AD
375 2450 628 2504 SINDULFUM
651 2449 892 2504 Dracottmtt

65 2563 213 2646 Fnarun
225 2602 331 2645 amore
344 2582 407 2646 Dei
419 2584 509 2668 digno
523 2585 732 2647 memorabilis
743 2600 827 2665 actu,

107 2679 240 2742 Pectore
253 2679 309 2740 fixe
321 2699 411 2756 meo,
425 2680 518 2742 irater
530 2701 635 2742 arnore
648 2680 719 2742 Dei.

64 2773 171 2857 Carpe
185 2773 317 2835 libenter
329 2772 386 2835 iter
399 2776 480 2853 quod
493 2775 575 2837 ducit
587 2775 626 2835 ad
638 2775 756 2837 aetheris
767 2777 885 2855 aulam,

104 2869 209 2931 Altius
223 2881 256 2929 ut
267 2888 384 2952 surgas,
398 2889 488 2950 carpe
501 2868 632 2931 libenter
643 2869 711 2930 iter.

62 2963 129 3026 Fer
142 2963 296 3046 patienter
306 2983 397 3039 onos,
412 2984 509 3044 neque
522 2977 552 3025 te
565 2964 617 3047 pia
630 2964 746 3027 sarcina
757 2965 863 3042 lasset,

106 3056 205 3120 Unde
217 3069 321 3119 manet
333 3057 468 3138 requies,
483 3058 529 3119 ier
540 3061 690 3140 patienter
702 3080 777 3121 onos
791 3082 799 3119 :

63 3150 209 3216 Subderc
221 3151 300 3215 colla
312 3153 416 3231 decet,
432 3153 503 3235 quia
513 3167 581 3215 sunt
592 3154 661 3238 juga
673 3152 771 3216 dulcia
785 3149 899 3307 ClStristi
906 3194 916 3228 ,

795 3269 809 3306 Ι
