<?xml version="1.0" encoding="UTF-8"?>
<!DOCTYPE html PUBLIC "-//W3C//DTD XHTML 1.0 Transitional//EN"
    "http://www.w3.org/TR/xhtml1/DTD/xhtml1-transitional.dtd">
<html xmlns="http://www.w3.org/1999/xhtml" xml:lang="en" lang="en">
 <head>
  <title>
</title>
<meta http-equiv="Content-Type" content="text/html;charset=utf-8" />
  <meta name='ocr-system' content='tesseract 3.04.00' />
  <meta name='ocr-capabilities' content='ocr_page ocr_carea ocr_par ocr_line ocrx_word'/>
</head>
<body>
  <div class='ocr_page' id='page_1' title='image "./venantiihonorii00unkngoog_0045.png"; bbox 0 0 2222 3844; ppageno 0'>
   <div class='ocr_carea' id='block_1_1' title="bbox 61 304 942 862">
    <p class='ocr_par' dir='ltr' id='par_1_1' title="bbox 61 304 942 862">
     <span class='ocr_line' id='line_1_1' title="bbox 133 304 942 376; baseline -0.005 -19"><span class='ocrx_word' id='word_1_1' title='bbox 133 335 134 344; x_wconf 29' lang='grc' dir='ltr'><strong>κ</strong></span> <span class='ocrx_word' id='word_1_2' title='bbox 179 305 237 358; x_wconf 88' lang='lat' dir='ltr'><strong>DE</strong></span> <span class='ocrx_word' id='word_1_3' title='bbox 260 304 366 360; x_wconf 83' lang='lat' dir='ltr'><strong>VITA</strong></span> <span class='ocrx_word' id='word_1_4' title='bbox 390 304 420 360; x_wconf 86' lang='lat' dir='ltr'><strong>S.</strong></span> <span class='ocrx_word' id='word_1_5' title='bbox 437 305 622 361; x_wconf 76' lang='lat' dir='ltr'><strong>Manttttt</strong></span> <span class='ocrx_word' id='word_1_6' title='bbox 644 305 777 359; x_wconf 81' lang='lat' dir='ltr'>LIBER</span> <span class='ocrx_word' id='word_1_7' title='bbox 800 309 819 360; x_wconf 78' lang='lat' dir='ltr'><strong>t,</strong></span> <span class='ocrx_word' id='word_1_8' title='bbox 902 315 942 376; x_wconf 80' lang='lat'><strong>29</strong></span> 
     </span>
     <span class='ocr_line' id='line_1_2' title="bbox 63 393 770 482; baseline 0.001 -22"><span class='ocrx_word' id='word_1_9' title='bbox 63 393 192 479; x_wconf 82' lang='lat' dir='ltr'><strong>Totaque</strong></span> <span class='ocrx_word' id='word_1_10' title='bbox 203 396 341 460; x_wconf 88' lang='lat' dir='ltr'><strong>sublimis</strong></span> <span class='ocrx_word' id='word_1_11' title='bbox 352 398 444 481; x_wconf 84' lang='lat' dir='ltr'><strong>jacuit</strong></span> <span class='ocrx_word' id='word_1_12' title='bbox 456 400 511 461; x_wconf 90' lang='lat' dir='ltr'><strong>sub</strong></span> <span class='ocrx_word' id='word_1_13' title='bbox 522 399 647 482; x_wconf 87' lang='lat' dir='ltr'><strong>pulvere</strong></span> <span class='ocrx_word' id='word_1_14' title='bbox 660 397 770 461; x_wconf 88' lang='lat' dir='ltr'><strong>moles.</strong></span> 
     </span>
     <span class='ocr_line' id='line_1_3' title="bbox 62 492 763 576; baseline -0.003 -22"><span class='ocrx_word' id='word_1_15' title='bbox 62 492 218 556; x_wconf 84' lang='lat' dir='ltr'><strong>Rusticitas</strong></span> <span class='ocrx_word' id='word_1_16' title='bbox 230 492 355 555; x_wconf 86' lang='lat' dir='ltr'><strong>inimica</strong></span> <span class='ocrx_word' id='word_1_17' title='bbox 365 493 468 575; x_wconf 85' lang='lat' dir='ltr'><strong>priua,</strong></span> <span class='ocrx_word' id='word_1_18' title='bbox 483 493 561 556; x_wconf 81' lang='lat' dir='ltr'><strong>favet</strong></span> <span class='ocrx_word' id='word_1_19' title='bbox 572 493 639 576; x_wconf 85' lang='lat' dir='ltr'><strong>ipsa</strong></span> <span class='ocrx_word' id='word_1_20' title='bbox 649 493 763 554; x_wconf 86' lang='lat' dir='ltr'><strong>ruinae:</strong></span> 
     </span>
     <span class='ocr_line' id='line_1_4' title="bbox 61 587 762 668; baseline -0.001 -19"><span class='ocrx_word' id='word_1_21' title='bbox 61 587 147 650; x_wconf 87' lang='lat' dir='ltr'><strong>lustat</strong></span> <span class='ocrx_word' id='word_1_22' title='bbox 160 601 191 650; x_wconf 92' lang='lat' dir='ltr'><strong>et</strong></span> <span class='ocrx_word' id='word_1_23' title='bbox 202 587 319 651; x_wconf 86' lang='lat' dir='ltr'><strong>excidio</strong></span> <span class='ocrx_word' id='word_1_24' title='bbox 334 609 399 668; x_wconf 84' lang='lat' dir='ltr'><strong>quse</strong></span> <span class='ocrx_word' id='word_1_25' title='bbox 412 588 592 651; x_wconf 88' lang='lat' dir='ltr'><strong>defendebat</strong></span> <span class='ocrx_word' id='word_1_26' title='bbox 604 587 762 668; x_wconf 89' lang='lat' dir='ltr'><strong>iniquum,</strong></span> 
     </span>
     <span class='ocr_line' id='line_1_5' title="bbox 61 680 798 766; baseline 0.003 -24"><span class='ocrx_word' id='word_1_27' title='bbox 61 680 140 745; x_wconf 88' lang='lat' dir='ltr'><strong>Idola</strong></span> <span class='ocrx_word' id='word_1_28' title='bbox 152 683 319 766; x_wconf 77' lang='lat' dir='ltr'><strong>projiciens</strong></span> <span class='ocrx_word' id='word_1_29' title='bbox 330 725 339 758; x_wconf 94' lang='lat'><strong>,</strong></span> <span class='ocrx_word' id='word_1_30' title='bbox 355 702 469 745; x_wconf 89' lang='lat' dir='ltr'><strong>numen</strong></span> <span class='ocrx_word' id='word_1_31' title='bbox 482 682 617 746; x_wconf 80' lang='lat' dir='ltr'><strong>confessa</strong></span> <span class='ocrx_word' id='word_1_32' title='bbox 630 681 798 759; x_wconf 80' lang='lat' dir='ltr'><strong>Tonantis,</strong></span> 
     </span>
     <span class='ocr_line' id='line_1_6' title="bbox 62 773 798 862; baseline 0.003 -27"><span class='ocrx_word' id='word_1_33' title='bbox 62 773 129 839; x_wconf 92' lang='lat' dir='ltr'><strong>Uno</strong></span> <span class='ocrx_word' id='word_1_34' title='bbox 142 779 313 857; x_wconf 88' lang='lat' dir='ltr'><strong>eodemque</strong></span> <span class='ocrx_word' id='word_1_35' title='bbox 327 777 388 840; x_wconf 92' lang='lat' dir='ltr'><strong>ictu</strong></span> <span class='ocrx_word' id='word_1_36' title='bbox 399 777 459 840; x_wconf 88' lang='lat' dir='ltr'><strong>hoc</strong></span> <span class='ocrx_word' id='word_1_37' title='bbox 470 778 604 860; x_wconf 87' lang='lat' dir='ltr'><strong>respuit,</strong></span> <span class='ocrx_word' id='word_1_38' title='bbox 620 777 703 862; x_wconf 82' lang='lat' dir='ltr'>eligit</span> <span class='ocrx_word' id='word_1_39' title='bbox 713 776 798 838; x_wconf 88' lang='lat' dir='ltr'><strong>illud.</strong></span> 
     </span>
    </p>
   </div>
   <div class='ocr_carea' id='block_1_2' title="bbox 74 886 935 954">
    <p class='ocr_par' dir='ltr' id='par_1_2' title="bbox 74 886 935 954">
     <span class='ocr_line' id='line_1_7' title="bbox 74 886 935 954; baseline 0.002 -8"><span class='ocrx_word' id='word_1_40' title='bbox 74 896 126 948; x_wconf 82' lang='lat' dir='ltr'><strong>nn</strong></span> <span class='ocrx_word' id='word_1_41' title='bbox 147 896 434 951; x_wconf 80' lang='lat' dir='ltr'><strong>nuncussona</strong></span> <span class='ocrx_word' id='word_1_42' title='bbox 457 886 935 954; x_wconf 75' lang='lat' dir='ltr'><strong>onsrronu&#39;sunnnsrn</strong></span> 
     </span>
    </p>
   </div>
   <div class='ocr_carea' id='block_1_3' title="bbox 59 984 850 1091">
    <p class='ocr_par' dir='ltr' id='par_1_3' title="bbox 59 984 850 1091">
     <span class='ocr_line' id='line_1_8' title="bbox 59 984 850 1091; baseline -0.003 -23"><span class='ocrx_word' id='word_1_43' title='bbox 59 984 144 1068; x_wconf 79' lang='lat' dir='ltr'><strong>Posr</strong></span> <span class='ocrx_word' id='word_1_44' title='bbox 158 1003 321 1066; x_wconf 84' lang='lat' dir='ltr'><strong>Eduourm</strong></span> <span class='ocrx_word' id='word_1_45' title='bbox 334 1006 406 1068; x_wconf 89' lang='lat' dir='ltr'><strong>dum</strong></span> <span class='ocrx_word' id='word_1_46' title='bbox 419 1007 569 1091; x_wconf 86' lang='lat' dir='ltr'><strong>templum</strong></span> <span class='ocrx_word' id='word_1_47' title='bbox 582 1005 724 1070; x_wconf 89' lang='lat' dir='ltr'><strong>divellere</strong></span> <span class='ocrx_word' id='word_1_48' title='bbox 737 1017 850 1087; x_wconf 83' lang='lat' dir='ltr'><strong>tentat,</strong></span> 
     </span>
    </p>
   </div>
   <div class='ocr_carea' id='block_1_4' title="bbox 60 1109 882 2326">
    <p class='ocr_par' dir='ltr' id='par_1_4' title="bbox 62 1109 662 1191">
     <span class='ocr_line' id='line_1_9' title="bbox 62 1109 662 1191; baseline 0.007 -19"><span class='ocrx_word' id='word_1_49' title='bbox 62 1109 189 1173; x_wconf 88' lang='lat' dir='ltr'><strong>Obstant</strong></span> <span class='ocrx_word' id='word_1_50' title='bbox 202 1111 309 1174; x_wconf 89' lang='lat' dir='ltr'><strong>inculti</strong></span> <span class='ocrx_word' id='word_1_51' title='bbox 322 1114 452 1178; x_wconf 87' lang='lat' dir='ltr'><strong>cultores</strong></span> <span class='ocrx_word' id='word_1_52' title='bbox 463 1114 662 1191; x_wconf 81' lang='lat' dir='ltr'><strong>ruricolares,</strong></span> 
     </span>
    </p>

    <p class='ocr_par' dir='ltr' id='par_1_5' title="bbox 60 1203 775 1292">
     <span class='ocr_line' id='line_1_10' title="bbox 60 1203 775 1292; baseline 0.004 -24"><span class='ocrx_word' id='word_1_53' title='bbox 60 1203 108 1268; x_wconf 87' lang='lat' dir='ltr'><strong>Ne</strong></span> <span class='ocrx_word' id='word_1_54' title='bbox 121 1206 378 1273; x_wconf 71' lang='lat' dir='ltr'><strong>colerent‘me&#39;lius</strong></span> <span class='ocrx_word' id='word_1_55' title='bbox 388 1255 398 1288; x_wconf 94' lang='lat'><strong>,</strong></span> <span class='ocrx_word' id='word_1_56' title='bbox 410 1230 462 1272; x_wconf 90' lang='lat' dir='ltr'><strong>sua</strong></span> <span class='ocrx_word' id='word_1_57' title='bbox 475 1210 500 1272; x_wconf 86' lang='lat' dir='ltr'><strong>si</strong></span> <span class='ocrx_word' id='word_1_58' title='bbox 513 1211 628 1274; x_wconf 90' lang='lat' dir='ltr'><strong>cultura</strong></span> <span class='ocrx_word' id='word_1_59' title='bbox 639 1210 753 1292; x_wconf 87' lang='lat' dir='ltr'><strong>periret</strong></span> <span class='ocrx_word' id='word_1_60' title='bbox 764 1235 775 1271; x_wconf 72' lang='lat' dir='ltr'><strong>:v</strong></span> 
     </span>
    </p>

    <p class='ocr_par' dir='ltr' id='par_1_6' title="bbox 61 1296 744 1381">
     <span class='ocr_line' id='line_1_11' title="bbox 61 1296 744 1381; baseline 0.004 -20"><span class='ocrx_word' id='word_1_61' title='bbox 61 1296 104 1361; x_wconf 85' lang='lat' dir='ltr'><strong>Ex</strong></span> <span class='ocrx_word' id='word_1_62' title='bbox 116 1301 226 1381; x_wconf 87' lang='lat' dir='ltr'><strong>quibus</strong></span> <span class='ocrx_word' id='word_1_63' title='bbox 238 1304 342 1366; x_wconf 79' lang='lat' dir='ltr'>audaci</span> <span class='ocrx_word' id='word_1_64' title='bbox 353 1304 421 1366; x_wconf 91' lang='lat' dir='ltr'><strong>nisu</strong></span> <span class='ocrx_word' id='word_1_65' title='bbox 433 1305 514 1366; x_wconf 86' lang='lat' dir='ltr'><strong>male</strong></span> <span class='ocrx_word' id='word_1_66' title='bbox 525 1305 636 1366; x_wconf 85' lang='lat' dir='ltr'><strong>fortior</strong></span> <span class='ocrx_word' id='word_1_67' title='bbox 648 1325 744 1380; x_wconf 88' lang='lat' dir='ltr'><strong>unus,</strong></span> 
     </span>
    </p>

    <p class='ocr_par' dir='ltr' id='par_1_7' title="bbox 61 1391 860 1574">
     <span class='ocr_line' id='line_1_12' title="bbox 61 1391 860 1481; baseline 0.005 -27"><span class='ocrx_word' id='word_1_68' title='bbox 61 1391 143 1456; x_wconf 85' lang='lat' dir='ltr'><strong>Dum</strong></span> <span class='ocrx_word' id='word_1_69' title='bbox 156 1409 282 1478; x_wconf 90' lang='lat' dir='ltr'><strong>cuperet</strong></span> <span class='ocrx_word' id='word_1_70' title='bbox 293 1397 392 1481; x_wconf 71' lang='lat' dir='ltr'><strong>‘gladio</strong></span> <span class='ocrx_word' id='word_1_71' title='bbox 404 1411 493 1481; x_wconf 80' lang='lat' dir='ltr'><strong>caput</strong></span> <span class='ocrx_word' id='word_1_72' title='bbox 506 1398 687 1460; x_wconf 72' lang='lat' dir='ltr'><strong>obtruncare</strong></span> <span class='ocrx_word' id='word_1_73' title='bbox 700 1410 860 1459; x_wconf 76' lang='lat' dir='ltr'><strong>sacratum.</strong></span> 
     </span>
     <span class='ocr_line' id='line_1_13' title="bbox 63 1484 755 1574; baseline 0.004 -25"><span class='ocrx_word' id='word_1_74' title='bbox 63 1484 119 1549; x_wconf 91' lang='lat' dir='ltr'><strong>Cui</strong></span> <span class='ocrx_word' id='word_1_75' title='bbox 132 1493 215 1552; x_wconf 87' lang='lat' dir='ltr'><strong>nuda</strong></span> <span class='ocrx_word' id='word_1_76' title='bbox 228 1491 345 1554; x_wconf 82' lang='lat' dir='ltr'><strong>cervice</strong></span> <span class='ocrx_word' id='word_1_77' title='bbox 356 1505 443 1574; x_wconf 88' lang='lat' dir='ltr'><strong>pater</strong></span> <span class='ocrx_word' id='word_1_78' title='bbox 452 1513 516 1554; x_wconf 90' lang='lat' dir='ltr'><strong>sese</strong></span> <span class='ocrx_word' id='word_1_79' title='bbox 530 1492 640 1554; x_wconf 85' lang='lat' dir='ltr'><strong>obtulit</strong></span> <span class='ocrx_word' id='word_1_80' title='bbox 652 1490 732 1553; x_wconf 87' lang='lat' dir='ltr'><strong>uitro</strong></span> <span class='ocrx_word' id='word_1_81' title='bbox 748 1516 755 1552; x_wconf 94' lang='lat'><strong>:</strong></span> 
     </span>
    </p>

    <p class='ocr_par' dir='ltr' id='par_1_8' title="bbox 62 1583 825 1857">
     <span class='ocr_line' id='line_1_14' title="bbox 64 1583 745 1671; baseline 0.004 -27"><span class='ocrx_word' id='word_1_82' title='bbox 64 1583 115 1645; x_wconf 82' lang='lat' dir='ltr'><strong>Ast</strong></span> <span class='ocrx_word' id='word_1_83' title='bbox 126 1586 179 1647; x_wconf 88' lang='lat' dir='ltr'><strong>uhi</strong></span> <span class='ocrx_word' id='word_1_84' title='bbox 192 1599 298 1648; x_wconf 89' lang='lat' dir='ltr'><strong>mente</strong></span> <span class='ocrx_word' id='word_1_85' title='bbox 310 1586 393 1648; x_wconf 80' lang='lat' dir='ltr'><strong>ferox</strong></span> <span class='ocrx_word' id='word_1_86' title='bbox 404 1600 482 1648; x_wconf 80' lang='lat' dir='ltr'><strong>totas</strong></span> <span class='ocrx_word' id='word_1_87' title='bbox 496 1586 657 1671; x_wconf 83' lang='lat' dir='ltr'><strong>collegerat</strong></span> <span class='ocrx_word' id='word_1_88' title='bbox 670 1587 745 1663; x_wconf 86' lang='lat' dir='ltr'><strong>iras,</strong></span> 
     </span>
     <span class='ocr_line' id='line_1_15' title="bbox 62 1675 825 1760; baseline 0.005 -22"><span class='ocrx_word' id='word_1_89' title='bbox 62 1675 216 1744; x_wconf 84' lang='lat' dir='ltr'><strong>Eracuens</strong></span> <span class='ocrx_word' id='word_1_90' title='bbox 228 1680 361 1756; x_wconf 80' lang='lat' dir='ltr'><strong>rabiem,</strong></span> <span class='ocrx_word' id='word_1_91' title='bbox 375 1683 428 1742; x_wconf 88' lang='lat' dir='ltr'><strong>sed</strong></span> <span class='ocrx_word' id='word_1_92' title='bbox 441 1681 541 1743; x_wconf 86' lang='lat' dir='ltr'><strong>cordis</strong></span> <span class='ocrx_word' id='word_1_93' title='bbox 550 1681 689 1742; x_wconf 81' lang='lat' dir='ltr'>acumine</span> <span class='ocrx_word' id='word_1_94' title='bbox 701 1694 825 1760; x_wconf 87' lang='lat' dir='ltr'><strong>tonsus,</strong></span> 
     </span>
     <span class='ocr_line' id='line_1_16' title="bbox 65 1771 729 1857; baseline 0.008 -25"><span class='ocrx_word' id='word_1_95' title='bbox 65 1771 169 1836; x_wconf 86' lang='lat' dir='ltr'><strong>Acrius</strong></span> <span class='ocrx_word' id='word_1_96' title='bbox 182 1774 319 1836; x_wconf 87' lang='lat' dir='ltr'><strong>insiliens</strong></span> <span class='ocrx_word' id='word_1_97' title='bbox 330 1787 409 1837; x_wconf 85' lang='lat' dir='ltr'><strong>totos</strong></span> <span class='ocrx_word' id='word_1_98' title='bbox 422 1775 617 1857; x_wconf 76' lang='lat' dir='ltr'><strong>suspenderat</strong></span> <span class='ocrx_word' id='word_1_99' title='bbox 630 1790 729 1854; x_wconf 83' lang='lat' dir='ltr'><strong>artus,</strong></span> 
     </span>
    </p>

    <p class='ocr_par' dir='ltr' id='par_1_9' title="bbox 65 1864 777 1954">
     <span class='ocr_line' id='line_1_17' title="bbox 65 1864 777 1954; baseline 0.014 -28"><span class='ocrx_word' id='word_1_100' title='bbox 65 1864 118 1928; x_wconf 85' lang='lat' dir='ltr'><strong>Bis</strong></span> <span class='ocrx_word' id='word_1_101' title='bbox 128 1868 217 1930; x_wconf 80' lang='lat' dir='ltr'><strong>furor</strong></span> <span class='ocrx_word' id='word_1_102' title='bbox 229 1883 359 1932; x_wconf 87' lang='lat' dir='ltr'><strong>armatus</strong></span> <span class='ocrx_word' id='word_1_103' title='bbox 369 1869 461 1954; x_wconf 83' lang='lat' dir='ltr'><strong>juguli</strong></span> <span class='ocrx_word' id='word_1_104' title='bbox 474 1870 604 1932; x_wconf 89' lang='lat' dir='ltr'><strong>ruiturus</strong></span> <span class='ocrx_word' id='word_1_105' title='bbox 617 1870 649 1931; x_wconf 90' lang='lat' dir='ltr'><strong>iu</strong></span> <span class='ocrx_word' id='word_1_106' title='bbox 662 1871 777 1948; x_wconf 83' lang='lat' dir='ltr'><strong>ictum,</strong></span> 
     </span>
    </p>

    <p class='ocr_par' dir='ltr' id='par_1_10' title="bbox 65 1958 882 2326">
     <span class='ocr_line' id='line_1_18' title="bbox 66 1958 882 2048; baseline 0.007 -26"><span class='ocrx_word' id='word_1_107' title='bbox 66 1958 141 2024; x_wconf 84' lang='lat' dir='ltr'><strong>Tam</strong></span> <span class='ocrx_word' id='word_1_108' title='bbox 153 1964 272 2048; x_wconf 81' lang='lat' dir='ltr'><strong>gravius</strong></span> <span class='ocrx_word' id='word_1_109' title='bbox 284 1965 394 2026; x_wconf 89' lang='lat' dir='ltr'><strong>seriens</strong></span> <span class='ocrx_word' id='word_1_110' title='bbox 408 1978 553 2046; x_wconf 85' lang='lat' dir='ltr'><strong>quantum</strong></span> <span class='ocrx_word' id='word_1_111' title='bbox 566 1965 629 2027; x_wconf 88' lang='lat' dir='ltr'><strong>alte</strong></span> <span class='ocrx_word' id='word_1_112' title='bbox 638 1967 774 2029; x_wconf 77' lang='lat' dir='ltr'><strong>educitur</strong></span> <span class='ocrx_word' id='word_1_113' title='bbox 785 1968 882 2042; x_wconf 87' lang='lat' dir='ltr'><strong>ensis,</strong></span> 
     </span>
     <span class='ocr_line' id='line_1_19' title="bbox 65 2055 804 2145; baseline 0.008 -29"><span class='ocrx_word' id='word_1_114' title='bbox 65 2055 201 2120; x_wconf 83' lang='lat' dir='ltr'><strong>Astrictis</strong></span> <span class='ocrx_word' id='word_1_115' title='bbox 213 2058 320 2140; x_wconf 87' lang='lat' dir='ltr'><strong>capulo</strong></span> <span class='ocrx_word' id='word_1_116' title='bbox 334 2059 433 2142; x_wconf 81' lang='lat' dir='ltr'><strong>digitis</strong></span> <span class='ocrx_word' id='word_1_117' title='bbox 446 2061 519 2121; x_wconf 87' lang='lat' dir='ltr'><strong>durn</strong></span> <span class='ocrx_word' id='word_1_118' title='bbox 530 2073 681 2143; x_wconf 83' lang='lat' dir='ltr'><strong>temperat</strong></span> <span class='ocrx_word' id='word_1_119' title='bbox 692 2083 804 2145; x_wconf 83' lang='lat' dir='ltr'><strong>ungues</strong></span> 
     </span>
     <span class='ocr_line' id='line_1_20' title="bbox 67 2146 775 2230; baseline 0.008 -19"><span class='ocrx_word' id='word_1_120' title='bbox 67 2146 182 2214; x_wconf 83' lang='lat' dir='ltr'><strong>Nerius</strong></span> <span class='ocrx_word' id='word_1_121' title='bbox 194 2152 337 2216; x_wconf 86' lang='lat' dir='ltr'><strong>horrifica</strong></span> <span class='ocrx_word' id='word_1_122' title='bbox 348 2153 508 2216; x_wconf 85' lang='lat' dir='ltr'><strong>meditatus</strong></span> <span class='ocrx_word' id='word_1_123' title='bbox 520 2155 645 2219; x_wconf 83' lang='lat' dir='ltr'><strong>vulnera</strong></span> <span class='ocrx_word' id='word_1_124' title='bbox 656 2157 775 2230; x_wconf 84' lang='lat' dir='ltr'><strong>dextra;</strong></span> 
     </span>
     <span class='ocr_line' id='line_1_21' title="bbox 70 2240 880 2326; baseline 0.007 -22"><span class='ocrx_word' id='word_1_125' title='bbox 70 2240 178 2306; x_wconf 85' lang='lat' dir='ltr'><strong>Mortis</strong></span> <span class='ocrx_word' id='word_1_126' title='bbox 192 2248 323 2326; x_wconf 88' lang='lat' dir='ltr'><strong>amicus,</strong></span> <span class='ocrx_word' id='word_1_127' title='bbox 337 2267 441 2310; x_wconf 85' lang='lat' dir='ltr'><strong>amans</strong></span> <span class='ocrx_word' id='word_1_128' title='bbox 451 2249 583 2326; x_wconf 80' lang='lat' dir='ltr'><strong>facinus,</strong></span> <span class='ocrx_word' id='word_1_129' title='bbox 597 2250 760 2322; x_wconf 86' lang='lat' dir='ltr'><strong>crudeliter</strong></span> <span class='ocrx_word' id='word_1_130' title='bbox 772 2271 880 2312; x_wconf 86' lang='lat' dir='ltr'><strong>ausus:</strong></span> 
     </span>
    </p>
   </div>
   <div class='ocr_carea' id='block_1_5' title="bbox 70 2335 962 2900">
    <p class='ocr_par' dir='ltr' id='par_1_11' title="bbox 70 2335 857 2520">
     <span class='ocr_line' id='line_1_22' title="bbox 70 2335 827 2425; baseline 0.009 -28"><span class='ocrx_word' id='word_1_131' title='bbox 70 2335 139 2399; x_wconf 83' lang='lat' dir='ltr'><strong>dam</strong></span> <span class='ocrx_word' id='word_1_132' title='bbox 151 2341 235 2403; x_wconf 87' lang='lat' dir='ltr'><strong>serro</strong></span> <span class='ocrx_word' id='word_1_133' title='bbox 247 2341 426 2406; x_wconf 85' lang='lat' dir='ltr'><strong>incumbens</strong></span> <span class='ocrx_word' id='word_1_134' title='bbox 439 2345 530 2425; x_wconf 87' lang='lat' dir='ltr'><strong>capiti</strong></span> <span class='ocrx_word' id='word_1_135' title='bbox 543 2365 690 2406; x_wconf 89' lang='lat' dir='ltr'><strong>mucrone</strong></span> <span class='ocrx_word' id='word_1_136' title='bbox 702 2347 827 2406; x_wconf 89' lang='lat' dir='ltr'><strong>reducto</strong></span> 
     </span>
     <span class='ocr_line' id='line_1_23' title="bbox 73 2430 857 2520; baseline 0.008 -28"><span class='ocrx_word' id='word_1_137' title='bbox 73 2430 226 2496; x_wconf 82' lang='lat' dir='ltr'><strong>Sternitur</strong></span> <span class='ocrx_word' id='word_1_138' title='bbox 235 2436 300 2517; x_wconf 90' lang='lat' dir='ltr'><strong>ipse</strong></span> <span class='ocrx_word' id='word_1_139' title='bbox 311 2435 397 2515; x_wconf 89' lang='lat' dir='ltr'><strong>solo,</strong></span> <span class='ocrx_word' id='word_1_140' title='bbox 411 2438 463 2518; x_wconf 91' lang='lat' dir='ltr'><strong>qui</strong></span> <span class='ocrx_word' id='word_1_141' title='bbox 475 2431 520 2501; x_wconf 86' lang='lat' dir='ltr'><strong>sic</strong></span> <span class='ocrx_word' id='word_1_142' title='bbox 531 2439 683 2520; x_wconf 87' lang='lat' dir='ltr'><strong>pendebat</strong></span> <span class='ocrx_word' id='word_1_143' title='bbox 696 2439 728 2499; x_wconf 90' lang='lat' dir='ltr'><strong>in</strong></span> <span class='ocrx_word' id='word_1_144' title='bbox 743 2439 857 2515; x_wconf 89' lang='lat' dir='ltr'><strong>ictum,</strong></span> 
     </span>
    </p>

    <p class='ocr_par' dir='ltr' id='par_1_12' title="bbox 71 2526 843 2615">
     <span class='ocr_line' id='line_1_24' title="bbox 71 2526 843 2615; baseline 0.006 -25"><span class='ocrx_word' id='word_1_145' title='bbox 71 2526 111 2589; x_wconf 80' lang='lat' dir='ltr'><strong>At</strong></span> <span class='ocrx_word' id='word_1_146' title='bbox 121 2531 276 2612; x_wconf 88' lang='lat' dir='ltr'><strong>resupinat</strong></span> <span class='ocrx_word' id='word_1_147' title='bbox 285 2530 380 2593; x_wconf 88' lang='lat' dir='ltr'><strong>humo</strong></span> <span class='ocrx_word' id='word_1_148' title='bbox 392 2533 444 2613; x_wconf 88' lang='lat' dir='ltr'><strong>qui</strong></span> <span class='ocrx_word' id='word_1_149' title='bbox 457 2535 587 2615; x_wconf 89' lang='lat' dir='ltr'><strong>pronior</strong></span> <span class='ocrx_word' id='word_1_150' title='bbox 599 2534 660 2595; x_wconf 87' lang='lat' dir='ltr'><strong>ibat</strong></span> <span class='ocrx_word' id='word_1_151' title='bbox 673 2533 706 2594; x_wconf 90' lang='lat' dir='ltr'><strong>in</strong></span> <span class='ocrx_word' id='word_1_152' title='bbox 720 2554 824 2595; x_wconf 85' lang='lat' dir='ltr'><strong>ausum</strong></span> <span class='ocrx_word' id='word_1_153' title='bbox 835 2555 843 2606; x_wconf 81' lang='lat'><em>3</em></span> 
     </span>
    </p>

    <p class='ocr_par' dir='ltr' id='par_1_13' title="bbox 73 2617 962 2803">
     <span class='ocr_line' id='line_1_25' title="bbox 73 2617 962 2711; baseline 0.007 -29"><span class='ocrx_word' id='word_1_154' title='bbox 73 2617 167 2686; x_wconf 86' lang='lat' dir='ltr'><strong>Mittit</strong></span> <span class='ocrx_word' id='word_1_155' title='bbox 178 2638 209 2686; x_wconf 93' lang='lat' dir='ltr'><strong>et</strong></span> <span class='ocrx_word' id='word_1_156' title='bbox 221 2646 274 2688; x_wconf 90' lang='lat' dir='ltr'><strong>ore</strong></span> <span class='ocrx_word' id='word_1_157' title='bbox 285 2647 427 2710; x_wconf 85' lang='lat' dir='ltr'><strong>precem,</strong></span> <span class='ocrx_word' id='word_1_158' title='bbox 440 2648 510 2690; x_wconf 90' lang='lat' dir='ltr'><strong>cum</strong></span> <span class='ocrx_word' id='word_1_159' title='bbox 522 2627 661 2690; x_wconf 88' lang='lat' dir='ltr'><strong>membra</strong></span> <span class='ocrx_word' id='word_1_160' title='bbox 672 2627 801 2711; x_wconf 85' lang='lat' dir='ltr'><strong>superba</strong></span> <span class='ocrx_word' id='word_1_161' title='bbox 813 2630 962 2710; x_wconf 87' lang='lat' dir='ltr'><strong>jacerent,</strong></span> 
     </span>
     <span class='ocr_line' id='line_1_26' title="bbox 74 2715 840 2803; baseline 0.01 -27"><span class='ocrx_word' id='word_1_162' title='bbox 74 2715 160 2780; x_wconf 87' lang='lat' dir='ltr'><strong>Justo</strong></span> <span class='ocrx_word' id='word_1_163' title='bbox 175 2733 270 2782; x_wconf 87' lang='lat' dir='ltr'><strong>stante</strong></span> <span class='ocrx_word' id='word_1_164' title='bbox 283 2723 411 2800; x_wconf 86' lang='lat' dir='ltr'><strong>cadens,</strong></span> <span class='ocrx_word' id='word_1_165' title='bbox 424 2743 484 2803; x_wconf 89' lang='lat' dir='ltr'><strong>quo</strong></span> <span class='ocrx_word' id='word_1_166' title='bbox 499 2723 595 2785; x_wconf 90' lang='lat' dir='ltr'><strong>credit</strong></span> <span class='ocrx_word' id='word_1_167' title='bbox 608 2735 685 2786; x_wconf 88' lang='lat' dir='ltr'><strong>stare</strong></span> <span class='ocrx_word' id='word_1_168' title='bbox 697 2726 840 2796; x_wconf 67' lang='lat' dir='ltr'><strong>cadentes</strong></span> 
     </span>
    </p>

    <p class='ocr_par' dir='ltr' id='par_1_14' title="bbox 76 2807 861 2900">
     <span class='ocr_line' id='line_1_27' title="bbox 76 2807 861 2900; baseline 0.008 -29"><span class='ocrx_word' id='word_1_169' title='bbox 76 2807 159 2876; x_wconf 86' lang='lat' dir='ltr'><strong>Dum</strong></span> <span class='ocrx_word' id='word_1_170' title='bbox 172 2814 238 2879; x_wconf 87' lang='lat' dir='ltr'><strong>vice</strong></span> <span class='ocrx_word' id='word_1_171' title='bbox 252 2816 368 2880; x_wconf 81' lang='lat' dir='ltr'><strong>diversa</strong></span> <span class='ocrx_word' id='word_1_172' title='bbox 379 2830 435 2880; x_wconf 85' lang='lat' dir='ltr'><strong>stat</strong></span> <span class='ocrx_word' id='word_1_173' title='bbox 446 2818 536 2898; x_wconf 89' lang='lat' dir='ltr'><strong>inops</strong></span> <span class='ocrx_word' id='word_1_174' title='bbox 544 2819 557 2895; x_wconf 79' lang='lat'><strong>,&#39;</strong></span> <span class='ocrx_word' id='word_1_175' title='bbox 569 2817 629 2878; x_wconf 89' lang='lat' dir='ltr'><strong>ruit</strong></span> <span class='ocrx_word' id='word_1_176' title='bbox 640 2817 693 2880; x_wconf 83' lang='lat' dir='ltr'><strong>itte</strong></span> <span class='ocrx_word' id='word_1_177' title='bbox 706 2818 861 2900; x_wconf 86' lang='lat' dir='ltr'><strong>superbus.</strong></span> 
     </span>
    </p>
   </div>
   <div class='ocr_carea' id='block_1_6' title="bbox 85 2940 959 3002">
    <p class='ocr_par' dir='ltr' id='par_1_15' title="bbox 85 2940 959 3002">
     <span class='ocr_line' id='line_1_28' title="bbox 85 2940 959 3002; baseline 0.003 -9"><span class='ocrx_word' id='word_1_178' title='bbox 85 2940 150 2994; x_wconf 88' lang='lat' dir='ltr'><strong>UBI</strong></span> <span class='ocrx_word' id='word_1_179' title='bbox 181 2944 363 3002; x_wconf 73' lang='lat' dir='ltr'><strong>stitutus</strong></span> <span class='ocrx_word' id='word_1_180' title='bbox 392 2946 693 3001; x_wconf 73' lang='lat' dir='ltr'><strong>nuncussottts</strong></span> <span class='ocrx_word' id='word_1_181' title='bbox 727 2945 959 3001; x_wconf 82' lang='lat' dir='ltr'><strong>EXGUSSUS-</strong></span> 
     </span>
    </p>
   </div>
   <div class='ocr_carea' id='block_1_7' title="bbox 358 3050 675 3092">
    <p class='ocr_par' dir='ltr' id='par_1_16' title="bbox 358 3050 675 3092">
     <span class='ocr_line' id='line_1_29' title="bbox 358 3050 675 3092; baseline 0.006 -2"><span class='ocrx_word' id='word_1_182' title='bbox 358 3051 431 3090; x_wconf 68' lang='grc' dir='ltr'><strong>ΜΝ</strong></span> <span class='ocrx_word' id='word_1_183' title='bbox 453 3050 675 3092; x_wconf 69' lang='lat' dir='ltr'><strong>comessum</strong></span> 
     </span>
    </p>
   </div>
   <div class='ocr_carea' id='block_1_8' title="bbox 80 3115 926 3300">
    <p class='ocr_par' dir='ltr' id='par_1_17' title="bbox 80 3115 926 3300">
     <span class='ocr_line' id='line_1_30' title="bbox 80 3115 926 3300; baseline -0.004 -93"><span class='ocrx_word' id='word_1_184' title='bbox 80 3115 215 3209; x_wconf 74' lang='lat' dir='ltr'><strong>Russus</strong></span> <span class='ocrx_word' id='word_1_185' title='bbox 229 3165 305 3231; x_wconf 88' lang='lat' dir='ltr'><strong>opus</strong></span> <span class='ocrx_word' id='word_1_186' title='bbox 317 3164 463 3232; x_wconf 84' lang='lat' dir='ltr'><strong>peragens</strong></span> <span class='ocrx_word' id='word_1_187' title='bbox 477 3145 551 3209; x_wconf 87' lang='lat' dir='ltr'><strong>dum</strong></span> <span class='ocrx_word' id='word_1_188' title='bbox 562 3157 693 3211; x_wconf 83' lang='lat' dir='ltr'><strong>verteret</strong></span> <span class='ocrx_word' id='word_1_189' title='bbox 706 3145 787 3210; x_wconf 86' lang='lat' dir='ltr'><strong>idola</strong></span> <span class='ocrx_word' id='word_1_190' title='bbox 800 3145 926 3300; x_wconf 62' lang='lat' dir='ltr'><strong>pprnix,</strong></span> 
     </span>
    </p>
   </div>
   <div class='ocr_carea' id='block_1_9' title="bbox 0 0 1126 3844">
    <p class='ocr_par' dir='ltr' id='par_1_18' title="bbox 0 0 1126 3844">
     <span class='ocr_line' id='line_1_31' title="bbox 0 0 1126 3844; baseline 0 0"><span class='ocrx_word' id='word_1_191' title='bbox 0 0 1126 3844; x_wconf 95' lang='lat' dir='ltr'><strong> </strong></span> 
     </span>
    </p>
   </div>
  </div>
 </body>
</html>
