2222 3852
129 291 193 366 ²²4
383 305 420 360 V.
443 307 478 360 Η.
505 306 761 360 FORTUNATt

129 393 224 479 Regis
236 394 352 457 honore
365 397 452 458 nuris
463 397 614 479 duplicata
626 409 670 458 est
680 395 774 480 gratia
787 397 909 478 pomis,

171 489 258 550 Nare
269 491 366 552 suavis
378 492 472 566 odor,
485 490 580 554 dulcis
592 511 697 553 amore
709 510 811 573 sapor.

131 581 271 665 Qualiter
284 583 336 645 ille
350 585 510 648 hominurn
523 586 622 668 potuit
633 588 775 667 prodesse
787 583 894 661 saluti,

175 674 269 760 Cujus
281 691 310 740 et
324 680 356 739 in
368 681 470 760 pomis
482 693 576 743 tactus
590 682 684 742 odore
695 680 805 762 placet.

132 769 219 831 Felix
231 786 378 853 perpetua
389 787 549 856 generetur
561 775 599 835 ab
611 774 721 836 arbore
735 774 866 850 fructus,

173 862 221 924 Ut
232 866 270 925 de
283 887 352 949 rege
365 867 419 947 piu
432 868 470 930 sit
483 888 603 929 memor
617 867 832 930 omnishomo.

134 956 220 1020 Hinc
231 959 288 1020 iter
300 961 363 1042 ejus
376 973 437 1021 erat
447 1005 456 1036 ‚
468 983 539 1024 cum
550 961 655 1022 limina
668 974 769 1024 sanctu
781 960 922 1042 petebat,

176 1049 256 1131 Quae
267 1054 360 1114 modu
372 1073 430 1134 pro
442 1054 558 1116 meritis
571 1054 677 1116 incolit
686 1054 738 1116 ille
749 1054 853 1137 magis.

134 1145 234 1206 Antea
247 1166 318 1206 nam
331 1145 445 1208 vicibus
456 1146 524 1210 locat
536 1160 636 1210 sancta
647 1148 763 1209 terebat
775 1159 911 1224 amatus,

176 1239 269 1301 Nunc
281 1251 383 1301 tamen
396 1240 511 1302 assidue
525 1240 640 1322 ternpla
651 1241 741 1303 beata
752 1253 842 1302 tenet.

135 1329 293 1396 Possideas
305 1334 375 1394 lelix
387 1334 450 1397 haec
462 1332 647 1417 Ultrogotho
659 1355 716 1416 per
728 1356 844 1412 aerum,

179 1425 260 1490 Cum
272 1428 400 1512 geminis
412 1428 489 1491 natis
501 1429 589 1491 tertia
602 1442 698 1490 mater
711 1449 813 1492 ovans.

228 1626 231 1634 .
255 1581 341 1634 vltt.
357 1580 412 1632 DE
430 1581 552 1635 vtttn
582 1579 914 1636 CANTUBLANDO.

137 1694 296 1780 venturus
307 1719 344 1777 ad
358 1715 491 1778 Cautum
503 1715 584 1778 selici
596 1715 715 1777 tramite
728 1714 891 1794 blandum,

176 1813 322 1894 Aregium
333 1811 401 1872 laeto
413 1832 473 1891 quo
485 1811 631 1893 reperisse
643 1823 770 1892 patrem.

139 1907 234 1990 Quod
244 1906 318 1987 petit
330 1906 470 1989 instigans
483 1906 572 1968 aridu
584 1904 652 1987 gula
664 1915 767 1964 nostra
780 1902 940 1981 barathro,

179 1999 342 2081 Excipiunt
355 1998 458 2060 oculos
470 2018 560 2060 aurea
571 2019 664 2081 poma
677 2017 772 2060 meus.

144 2092 285 2172 Undique
296 2105 478 2156 concurrunt
490 2091 602 2154 variato
616 2091 695 2152 mala
708 2090 830 2167 colore,

182 2183 297 2249 Credas
309 2199 341 2246 ut
353 2186 448 2269 pictas
457 2207 508 2247 me
519 2185 663 2246 meruisse
677 2186 777 2265 dapes.

139 2279 200 2346 ,Vix
213 2281 311 2365 digitis
323 2281 426 2365 tetigi,
441 2281 525 2342 fauce
538 2278 643 2352 hausi,
656 2279 744 2340 dente
759 2277 872 2353 rotavi,

181 2373 381 2458 llligravitque
392 2374 453 2436 alio
466 2374 567 2455 praeda
580 2372 669 2434 citata
681 2371 759 2434 loco.

139 2466 225 2531 Nam
237 2488 331 2550 sopor
344 2481 412 2530 ante
425 2467 524 2550 placet
535 2486 625 2546 quarn
638 2466 725 2526 traxit
737 2465 817 2526 uaris
830 2465 981 2543 odorem,

181 2558 234 2622 Sic
243 2561 380 2623 vincente
392 2561 477 2645 gula,
494 2560 574 2621 naris
586 2559 704 2622 honore
718 2571 807 2622 caret.

181 2713 232 2766 IX·
250 2713 304 2764 DE
329 2713 442 2768 GOCO
467 2716 544 2782 QUI
567 2714 651 2768 SIBI
674 2713 825 2766 NAVEM
846 2715 981 2768 TULlT.

143 2823 222 2910 Cun
236 2846 312 2908 mihi
324 2860 386 2908 tam
400 2848 511 2910 validas
525 2849 654 2911 innectis
668 2867 739 2912 cura
752 2845 907 2927 querelas,

183 2943 255 3004 Heu
267 2962 334 3003 inea
347 2942 394 3004 vel
407 2944 528 3004 tandem
541 2944 644 3006 desere
658 2943 749 3004 corda
761 2941 860 3002 dulor.

142 3036 228 3122 Quid
242 3057 363 3099 revocas
376 3038 477 3099 casus?
490 3038 552 3118 jam
566 3057 616 3098 me
628 3056 697 3097 mea
706 3035 822 3098 sarcina
836 3033 941 3112 tassat,

185 3129 279 3207 Quod
290 3132 400 3212 jactare
413 3141 504 3211 puto,
519 3151 573 3192 cur
585 3129 754 3212 duplicatur
764 3128 861 3191 onus?
