2222 3844
156 282 197 358 lpfi
420 299 453 350 V.
470 299 506 353 Η.
531 297 791 354 FORTUNATI

156 389 265 472 Palpat
277 388 439 451 mollitiem
451 390 540 452 vestis
554 390 684 452 candore
697 390 810 467 nivali,

157 484 262 547 Serica
276 486 450 568 confingunt
463 497 584 546 tenuato
595 484 724 544 stamina
734 482 807 559 lilo,

154 579 225 641 Nec
236 592 372 642 contacta
386 600 477 641 manu
490 573 619 643 discerni
632 571 743 641 ¹uellera
756 593 891 660 possunt.

154 673 286 735 Ducitur
299 675 414 734 interea
424 672 580 735 monacbis
594 693 652 734 nox
665 673 793 756 pervigil
810 673 951 756 hymnisj

155 767 197 828 Et
211 781 368 851 compacta
382 767 640 831 chorisDavidica
652 788 747 830 canna
762 769 901 845 resultat,

155 860 202 920 Ut
213 883 316 925 coram
331 863 508 924 altithronus
521 863 672 924 velamina
685 863 748 925 visa
758 863 881 925 revelet.

155 956 229 1016 Jarn
243 957 401 1038 spumabat
415 943 502 1036 equis
512 977 628 1018 aurorae
642 958 744 1040 auriga
757 959 902 1034 rubores,

159 1049 214 1111 Sol
227 1072 346 1132 quoque
360 1049 495 1112 lucilluas
508 1073 597 1113 curru
608 1051 749 1115 llectebat
764 1053 916 1127 habenas,

155 1143 256 1225 Atque
269 1158 372 1206 renata
384 1145 448 1206 dies
463 1147 623 1208 revocabat
636 1147 668 1206 in
683 1167 753 1208 arva
766 1145 904 1207 labores:

157 1237 233 1300 lllox
247 1238 356 1302 Clarus
367 1242 552 1303 monachum
568 1240 705 1302 lllartino
721 1241 879 1302 ostendere
893 1239 1012 1322 tendit,
1037 1261 1041 1269 ·

156 1332 188 1394 N
192 1356 297 1398 oscens
310 1335 487 1417 pontificem
502 1336 709 1417 phantasmata
722 1333 805 1395 nulla
818 1335 928 1410 latere,

106 1496 108 1502 ,
160 1426 241 1489 Cum
253 1430 347 1492 sancti
358 1442 428 1490 ante
443 1430 548 1493 oculos
560 1431 645 1492 vario
659 1429 716 1490 luit
728 1450 788 1491 una
801 1431 909 1514 figura,

156 1520 401 1605 Decipulamque
414 1543 498 1584 suam
511 1526 656 1606 deceptor
669 1526 770 1606 perdit
784 1525 816 1584 in
827 1524 924 1586 illurn.

159 1614 361 1698 Coeperat'bis
376 1619 502 1702 demens
514 1617 675 1681 Anatolius
689 1641 760 1704 ergo
775 1619 882 1695 reniti,

156 1709 322 1772 Interdicta
336 1711 395 1772 sibi
409 1709 537 1772 Martini
552 1733 712 1776 occurrere
727 1713 818 1789 ovili,

157 1803 246 1866 Dum
256 1818 358 1867 tamen
371 1805 472 1868 invitis
485 1806 653 1869 traheretur
665 1808 801 1890 passibus
813 1807 929 1871 haerens
936 1822 949 1886 ‚'

159 1898 312 1985 Tegmina
324 1899 477 1982 falsiloqui
493 1915 655 1966 vanescunt
668 1903 737 1964 alba
749 1902 873 1987 nigelli,

158 1993 201 2056 Et
214 1995 293 2056 male
310 1995 473 2057 destituunt
483 1996 666 2057 monachum
678 2018 750 2080 vaga
763 1996 856 2080 pallia
867 1999 982 2060 nudum
993 2014 1006 2076 ,'
1042 2049 1044 2052 .

160 2089 230 2153 Nec
244 2104 300 2152 stat
314 2090 472 2173 imagineis
484 2089 653 2152 simulatilis
665 2091 774 2153 umbra
787 2091 908 2175 figuris,

159 2183 281 2246 Territa
294 2182 426 2245 Martini
434 2183 478 2246 sic
489 2184 615 2247 nomine
629 2183 711 2247 larva
722 2186 840 2270 refugit.

95 2305 98 2312 ·
162 2276 269 2340 Hostis
281 2280 361 2340 iners
375 2280 492 2360 majora
502 2279 563 2341 suis
576 2279 686 2343 dehinc
697 2281 811 2343 viribus
824 2281 952 2356 audem,

161 2371 316 2451 Perlidus,
329 2387 357 2435 et
366 2374 477 2436 totiens
490 2373 598 2451 elisus,
613 2396 670 2436 nec
682 2375 740 2436 sibi
754 2375 895 2451 credens,

160 2465 283 2529 Debilis
298 2490 382 2530 arma
395 2489 538 2544 movens,
557 2481 587 2529 et
602 2470 732 2551 degener
745 2470 837 2530 ardua
849 2483 984 2545 tentans,

163 2562 210 2622 Ut
223 2583 275 2623 sua
288 2562 350 2625 laus
364 2563 450 2624 fieret
462 2561 511 2625 vel
527 2561 702 2624 sollicitasse
719 2576 895 2644 potentem,

166 2653 345 2733 Cresceret‚
370 2669 399 2718 et
412 2657 505 2717 titulis
519 2656 630 2717 sortem
642 2657 775 2738 pulsasse
788 2658 909 2742 sagittis.

163 2750 306 2831 Denique
319 2773 389 2814 cum
399 2764 516 2816 sanctus
530 2753 687 2814 recubaret
700 2753 731 2814 in
744 2773 849 2837 aggere
863 2753 960 2830 susus,

164 2845 349 2909 lnsinuando
360 2868 467 2930 preces
480 2849 607 2910 domino
620 2869 678 2931 pro
690 2848 780 2932 plebe
792 2851 950 2924 sacerdos,

167 2937 312 3004 Constitit
323 2956 392 3004 ante
406 2941 510 3005 oculos
523 2943 669 3004 deformis
681 2944 780 3004 forma
793 2942 930 3019 rebellis,

166 3032 335 3118 Sulphurea
345 3039 399 3101 sub
415 3037 481 3100 luce
492 3038 607 3100 micans
621 3038 766 3100 radiatilis
780 3039 906 3113 umbra,

165 3129 297 3196 Lumine
309 3135 437 3196 mentito
451 3133 646 3210 tenebrosus,
664 3146 693 3194 et
704 3146 771 3212 atra
782 3152 910 3216 vorago,
