2230 3838
258 324 503 380 POEMATUM
528 323 657 382 LIBER
680 327 733 380 tv.
889 311 944 378 181

97 415 152 481 Sic
162 416 218 480 fuit
229 430 261 479 ut
273 419 335 499 jam
347 431 411 478 tum
425 430 504 479 totus
517 420 556 479 ad
569 431 646 480 astra
659 418 749 480 foret.

50 512 150 576 Plora
160 513 322 574 salutiferis
335 512 469 573 tribuens
483 512 604 574 oracula
617 513 726 590 rebus,

97 605 189 689 Soepe
201 607 283 667 dedit
293 605 385 690 signis
397 607 456 667 vita
467 606 555 667 beata
568 607 671 669 fidem.

51 700 195 763 Bissenis
208 701 283 760 rexit
297 700 397 782 patrio
411 702 620 762 moderamine
634 701 752 780 lustris,

102 792 172 855 Rite
184 793 256 854 Deo
270 793 394 876 placitas
406 808 510 877 pastor
522 795 642 878 opimus
657 816 737 857 oves.

59 886 147 952 Catte
160 908 290 968 sequens
303 901 385 950 recto
399 909 482 952 sacra
492 910 550 971 per
559 890 681 974 vestigia
697 886 870 969 Christum,

97 981 195 1044 Nune
208 982 317 1042 fruitur
329 983 426 1060 vultu,
441 1005 532 1064 quem
546 984 687 1066 cupiebat
698 1004 795 1046 amor.

97 1138 162 1191 ΧΠ.
186 1136 443 1191 EPlTllPlllUlfl
465 1137 624 1190 HILARII
645 1136 904 1192 PRESBYTERI.

62 1234 186 1321 Otrous
199 1279 261 1320 nna
274 1272 375 1321 manet
387 1280 452 1321 sors
464 1258 669 1341 irreparabilis
680 1259 783 1336 horae,

102 1363 185 1429 Com
197 1365 282 1426 venit
294 1379 441 1426 extremus
451 1365 515 1449 lege
527 1365 662 1426 trahente
675 1366 748 1426 dies.

58 1457 113 1522 Sic
126 1459 199 1522 furit
211 1459 258 1519 ira
271 1459 370 1534 necis,
384 1480 480 1538 neque
492 1480 548 1520 nos
560 1459 634 1543 fugit
648 1460 747 1521 orbita
760 1459 884 1536 mortis,

103 1551 232 1614 Pulvere
244 1553 321 1614 facta
334 1573 404 1615 caro
417 1574 480 1613 non
492 1553 551 1613 nisi
564 1552 661 1636 pulvis
674 1553 740 1614 erit.
850 1549 854 1560 '

64 1643 139 1708 llaec
152 1659 255 1708 tamen
268 1647 397 1730 insignes
409 1647 524 1707 animas
537 1667 605 1728 spes
616 1667 679 1707 non
694 1667 763 1730 vaga
775 1647 888 1729 pascit,

101 1742 200 1822 Quod
211 1741 265 1822 qui
278 1742 364 1825 digna
377 1741 470 1824 gerit,
484 1742 522 1801 de
533 1762 608 1803 nece
621 1740 704 1801 nulla
716 1741 812 1804 timet.

61 1833 133 1898 lloc
145 1839 225 1918 jacet
237 1836 268 1895 in
282 1835 399 1896 tumulo
410 1837 598 1896 venerandus
614 1833 750 1898 Hilarius
763 1848 848 1914 actu,

105 1927 247 2012 Corpore
259 1930 312 2009 qui
323 1943 435 2006 terras,
448 1943 477 1991 et
489 1943 572 1992 tenet
583 1941 660 1991 astra
673 1930 742 1993 fite,

64 2023 119 2086 Vir
129 2025 231 2087 bonus
242 2023 359 2108 egregia
371 2026 407 2085 de
421 2025 579 2086 nobilitate
592 2024 760 2109 refulgens,

99 2120 186 2180 lnter
198 2119 363 2180 honoratos
373 2118 517 2202 germinis
531 2118 606 2180 altus
618 2138 701 2201 apex.

65 2213 230 2278 Connubio
242 2214 358 2295 junctus
368 2213 480 2290 simili,
493 2215 546 2275 sed
561 2215 685 2298 conjuge
699 2226 805 2294 rapta,

104 2307 193 2370 Stans
207 2307 240 2367 in
251 2326 354 2369 amore
368 2305 449 2383 Dei,
464 2328 527 2369 non
541 2307 596 2368 fuit
607 2307 682 2368 alter
694 2326 791 2367 amor.

62 2402 158 2465 Utilis
169 2403 201 2463 in
214 2401 369 2485 propriis,
384 2403 490 2464 doctus
501 2401 710 2463 moderamine
722 2399 813 2484 legis,

107 2495 202 2580 Cujus
212 2495 359 2578 judicium
371 2497 508 2578 pondere
521 2495 673 2558 libratore

61 2591 220 2655 Justitiam
231 2589 365 2652 tribuens
377 2590 500 2673 populis
512 2591 647 2652 examine
662 2599 763 2665 recto,

102 2684 299 2747 ventitares
312 2685 413 2768 pretio
425 2703 489 2745 non
503 2684 559 2745 fuit
571 2683 632 2745 ulla
645 2702 709 2744 suo.

63 2780 194 2842 Funeris
207 2778 311 2840 officio
322 2778 491 2864 lacrymans
503 2777 632 2842 Evantia
643 2796 731 2853 caro,

104 2872 246 2938 Contulit
258 2873 321 2936 haec
332 2893 444 2958 genero
453 2873 592 2935 membra
603 2871 718 2956 sepulta
732 2887 797 2932 suo.

103 3017 175 3072 1111.
193 3015 419 3070 EPITAPHIUM
437 3012 662 3069 SERVILIONIS
679 3002 914 3066 PRESBYTElll.

66 3128 231 3246 Quauvts
239 3149 329 3237 longa
337 3151 419 3230 dies,
429 3150 529 3215 brevis
538 3148 590 3214 hie
601 3163 688 3232 atque
699 3145 819 3299 hospgta
829 3143 878 3207 lux
891 3152 952 3217 est,
964 3136 966 3141 ’

748 3261 762 3299 1
