2218 3862
147 363 209 441 340
310 379 314 389 '
393 383 426 438 v.
452 387 488 440 u.
516 387 770 443 roardum

188 469 259 534 Nee
269 469 327 533 sibi
338 471 445 535 visuris'
455 493 508 536 ora
520 476 635 538 referre
648 475 731 539 locis.

147 562 241 626 Nuda
253 566 422 630 maritalem
436 569 559 631 calcavit
572 570 675 651 planta
687 589 847 645 cruorem,

188 657 366 741 Blandaque
379 663 524 724 transibat
534 663 641 736 fratre,
660 665 776 744 jacente
789 683 888 724 soror.

146 749 264 836 Raptus
276 754 314 824 ab
327 755 466 836 amplexu
480 756 583 816 matris
595 776 671 837 puer
682 775 736 817 ure
749 756 914 837 pependit,

189 847 340 911 Funereae
350 849 472 931 planetu
485 869 542 912 nee
555 849 637 910 dedit
650 849 728 910 ullus
739 869 839 928 aquas.

148 939 238 1005 Sorte
254 943 336 1027 gravi
349 942 449 1004 minus
461 955 506 1005 est
518 942 580 1002 nati
594 942 637 1006 sic
651 944 779 1024 perdere
791 943 904 1020 vitam,

190 1035 327 1099 'Perdidit
340 1049 369 1097 et
381 1035 528 1119 lacrymas
541 1047 639 1096 mater
655 1035 762 1097 anhela
775 1036 851 1116 pias.

99 1181 111 1200 .
147 1129 223 1193 Non
235 1150 354 1211 aequare
365 1149 443 1210 queo
457 1128 505 1192 vel
517 1128 646 1190 barbara
661 1128 775 1190 femina
789 1128 863 1192 lletu

191 1226 369 1307 Cunctaque
384 1237 532 1309 guttarum
544 1236 649 1284 moesta
659 1236 762 1285 natare
772 1223 850 1285 lacu.

148 1321 287 1402 Quisque
300 1316 597 1392 semimutilatis,
613 1337 667 1400 ego
679 1316 759 1392 sola,
771 1318 824 1378 sed
838 1318 944 1384 omnis

189 1413 245 1476 Est
260 1413 335 1474 mihi
346 1413 469 1495 private
480 1410 619 1493 publicus
632 1409 683 1472 ille
697 1411 794 1474 dolor.

149 1507 312 1575 Consuluit
323 1507 444 1568 fortuna
456 1505 529 1567 viris
540 1526 612 1585 quas
624 1504 754 1589 perculit
762 1504 876 1582 hostis,

190 1602 237 1664 Ut
254 1599 361 1664 flerem
374 1600 487 1664 cunetis
500 1620 559 1662 una
572 1611 720 1680 superstes
735 1617 801 1682 ago.

147 1694 219 1758 Nec
231 1695 330 1756 solum
341 1693 485 1756 extinctos
496 1713 588 1776 cogor
598 1693 701 1776 lugere
714 1691 928 1777 propinquos,

192 1787 260 1849 Hos
269 1807 388 1867 quoque
400 1808 475 1866 quos
487 1787 596 1848 retinet
608 1787 668 1847 vita
685 1787 771 1848 beata
781 1784 854 1847 ileo.

150 1879 238 1964 Saepe
249 1882 304 1941 sub
312 1880 453 1941 humecto
467 1880 623 1942 conlidens
630 1879 746 1941 lumina
758 1879 859 1952 rultu3

192 1975 353 2038 Murmura
362 1974 461 2038 clausu
471 1975 565 2036 latent
575 1993 710 2038 necmea
721 1993 792 2038 cura
803 1985 891 2036 tacet.

151 2069 265 2155 Specto
281 2068 380 2131 libens
391 2063 521 2150 aliquam
536 2069 561 2132 si
576 2069 692 2130 nuntiet
708 2088 780 2129 aura
795 2066 946 2145 salutem,

192 2164 345 2244 Nullaque
357 2164 394 2225 de
409 2163 521 2225 eunetis
537 2163 645 2223 umbra
659 2161 792 2243 parentis
803 2163 896 2224 adest.

152 2257 247 2342 Cujus
259 2258 292 2318 in
307 2269 427 2339 aspectu
438 2269 543 2318 tenero
553 2257 673 2318 solabar
686 2276 791 2317 amore

193 2349 291 2414 Solvit
305 2351 342 2412 ab
355 2349 492 2432 amplexu
503 2369 568 2411 sors
582 2350 707 2412 inimica
718 2368 798 2410 meo.

150 2445 200 2509 An
212 2446 291 2526 quod
302 2445 334 2505 in
345 2443 460 2505 absenti
473 2457 504 2519 te
512 2465 568 2506 nec
581 2464 650 2505 mea
663 2464 734 2506 eura
746 2442 924 2504 remordet?

191 2539 346 2602 Allectum
357 2538 477 2600 dulcem
489 2537 583 2599 eladis
594 2547 696 2599 'amara
707 2537 783 2598 tulit.

150 2631 213 2694 Vel
227 2645 424 2693 memoresto
436 2632 494 2693 tuis
508 2631 659 2713 primaevis
674 2631 769 2712 qualis
781 2631 820 2693 al)
832 2630 920 2692 annis

194 2725 407 2787 Hamalelrede
418 2725 473 2788 tibi
484 2739 557 2787 tune
568 2723 766 2810 Radegundes
775 2745 867 2786 eram.

152 2818 308 2899 Quantum
322 2841 371 2881 me
385 2821 537 2900 quondam
552 2820 646 2883 duleis
659 2820 795 2882 dilexeris
806 2819 922 2896 infans,

193 2911 234 2974 Et
245 2915 281 2974 de
293 2913 382 2974 fratre
392 2915 483 2995 patris
495 2928 561 2976 nate
573 2915 701 2997 benigne
714 2935 832 2996 parens.

154 3007 248 3088 Quod
262 3021 348 3088 pater
362 3008 505 3071 extinctus
519 3021 636 3090 poterat
648 3011 730 3088 quod
744 3022 839 3070 mater
848 3006 955 3068 haberi
963 3049 973 3083 ,

195 3100 288 3178 Quod
297 3121 386 3161 soror
395 3115 445 3162 aut
456 3103 546 3164 frater
559 3115 605 3178 tu,
615 3104 692 3164 mihi
701 3103 783 3165 solue
792 3122 866 3163 eras.

153 3187 267 3251 Prensa
276 3192 334 3272 piis
347 3195 483 3256 manibus
492 3196 550 3258 heu
562 3194 672 3258 blanda
685 3219 741 3282 per
754 3195 854 3260 oscula
867 3195 1007 3281 pendeus
