2222 3852
128 303 188 346 aaa
394 294 426 347 v.
445 293 481 348 n.
505 291 752 348 FORTUNATI

126 387 243 451 Errasti
255 405 339 448 mors
351 387 424 448 dura
437 387 543 464 nimis,
556 408 625 449 cum
638 385 746 448 tollere
759 399 887 449 matrem

171 481 293 544 Funere
307 481 469 556 debueras,
483 501 548 541 sors
559 481 616 541 tibi
626 492 695 540 nata
708 480 784 553 iuit3

132 574 165 638 0
177 575 293 635 utinam
307 575 414 636 mersis
427 575 587 637 crevissent
598 572 725 635 flumina
737 575 827 656 ripis,

171 659 325 752 Naufraga
337 689 390 730 sen
402 668 474 729 susis
485 679 565 728 terra
578 680 704 730 natasset
717 669 815 749 aquis3

132 763 204 826 Atta
218 760 357 842 Pyrenaei
370 762 533 846 tetigissent
546 764 651 844 sydera
665 775 801 840 montes,

171 855 280 916 Vitrea
292 855 340 918 vel
351 855 460 939 glacies
472 855 684 918 consolidasset
697 857 772 929 iter;

135 949 268 1030 Quando
283 949 422 1011 relaxavit
434 962 464 1034 te
479 948 656 1010 Gelesuinta
669 951 723 1012 sub
736 963 837 1028 arcto,

178 1043 221 1103 Ut
233 1064 291 1105 nec
302 1043 396 1102 rheda
408 1043 499 1119 rotis,
511 1063 574 1103 non
587 1065 679 1123 equus
692 1044 761 1105 isset
773 1045 868 1125 aquis.

136 1138 210 1200 Hoc
224 1158 294 1221 ergo
309 1136 382 1197 illud
396 1149 459 1196 erat
470 1138 551 1216 quod
565 1158 650 1198 mens
661 1159 792 1222 praesaga
803 1137 954 1216 timebat,

178 1231 209 1292 N
213 1253 252 1291 on
267 1251 354 1313 posse
365 1230 504 1312 amplexu
518 1230 627 1292 vellere
640 1244 708 1292 nata
718 1253 799 1294 meo.

135 1325 298 1386 Paruimus
311 1323 386 1385 votis
398 1322 505 1385 alienis
515 1326 593 1406 jussa
604 1336 778 1404 sequentes,

179 1416 333 1478 Promissa
347 1416 430 1479 existi
442 1437 505 1478 non
519 1418 650 1479 reditura
663 1418 754 1490 mihi;

139 1513 212 1575 Hoc
223 1524 286 1573 erat
298 1509 374 1572 altus
387 1530 476 1570 amor
488 1511 606 1593 placida
618 1509 776 1573 dulcedine
789 1523 886 1590 natae,

182 1605 277 1686 Quod
289 1605 400 1668 teneris
413 1603 500 1665 labiis
513 1605 605 1665 ubera
619 1623 720 1686 pressa
731 1604 815 1665 dedi:

141 1699 206 1763 Cur
218 1699 291 1761 binc
300 1698 385 1760 lactis
397 1717 489 1780 opem
501 1697 640 1780 produxit
652 1719 727 1760 vena
739 1697 900 1777 mamilla,

184 1791 249 1854 Cur
262 1791 406 1852 alimenta
418 1791 506 1866 dedi,
519 1811 576 1853 nec
589 1791 728 1852 habitura
742 1790 806 1854 sui?

141 1886 230 1968 Saepe
243 1897 438 1967 soporantem
451 1884 559 1944 furtiva
571 1906 628 1967 per
644 1885 744 1948 oscula
756 1885 837 1962 suri,

184 1978 232 2040 Ut
244 1979 309 2042 leve
323 1978 472 2039 dormires
484 1979 597 2040 viscera
609 1980 762 2062 supposui.

146 2072 278 2157 Optasse
291 2084 456 2134 extremum
469 2072 547 2133 dete
561 2073 634 2152 qaid
647 2073 761 2154 proluit
774 2072 863 2149 illud,

188 2167 320 2228 Luderet
331 2179 362 2226 ut
371 2165 494 2249 gremiis
506 2166 630 2248 parvula
642 2168 741 2250 neptis
755 2167 837 2229 aris?

146 2263 218 2327 Nec
231 2261 301 2326 lelix
312 2272 396 2334 vota,
411 2271 462 2318 aut
474 2258 576 2319 infelix
589 2259 694 2321 lunera
707 2261 785 2337 vidi,

192 2354 329 2419 Perdidit
341 2354 400 2414 beu
412 2352 524 2414 nimius
536 2353 595 2417 boc
607 2353 711 2430 labor,
725 2354 801 2414 illud
811 2372 909 2415 antor.
923 2385 928 2393 ·

150 2450 273 2512 Partitis
286 2448 426 2531 lacrymis
437 2467 525 2509 soror
536 2447 623 2526 hinc,
637 2449 707 2509 iude
720 2449 805 2509 anxia
818 2459 935 2521 mater,

193 2543 330 2604 Vocibus
342 2542 406 2604 haec
419 2539 580 2618 Rhenum,
593 2542 691 2625 pulsat
703 2556 732 2604 et
746 2543 799 2603 illa
810 2540 928 2624 Tagum
939 2561 948 2609 3

157 2635 309 2700 Condolet
320 2635 391 2696 hinc
404 2634 551 2722 Batavus,
566 2639 659 2720 gemit
669 2637 754 2699 illinc
765 2635 895 2698 Baeticus
907 2634 985 2707 axis,

197 2728 363 2810 Perstrepit
373 2727 434 2790 hoe
443 2728 601 2808 Vachalis,
614 2731 687 2792 illud
701 2731 836 2793 Hiberus
849 2727 944 2808 aquis.

156 2825 219 2887 Tot
231 2824 378 2907 lacrymas
390 2822 514 2883 stillasse
526 2838 569 2884 sat
582 2839 644 2902 est,
665 2829 718 2886 sed
731 2827 770 2887 ab
784 2825 882 2886 imbre
894 2819 1041 2906 vaporis,

199 2917 274 2979 Non
288 2914 446 2976 relevanda
457 2915 539 2976 sitim
551 2931 630 3000 gutta
643 2921 793 2981 ministrat
804 2935 907 3000 opem.

159 3013 295 3076 Allectus
307 3010 332 3071 si
345 3009 423 3069 lorte
435 3021 534 3089 potest
546 3012 720 3089 mitescere,
735 3014 856 3087 dicam,

203 3106 279 3168 Non
292 3123 327 3166 ea
339 3101 438 3166 {lenda
449 3103 526 3185 jacet
539 3126 604 3186 que
617 3105 684 3172 loca
694 3107 761 3172 laeta
773 3117 864 3172 tenet.
