2222 3852
175 321 236 408 ²7⁶
442 330 475 384 v.
498 329 533 383 u.
558 329 800 385 uonrunnrr

209 425 309 505 Atque
321 421 378 484 tibi
391 419 462 484 felix
476 440 568 504 regna
580 421 668 481 beata
681 435 774 503 petas.

167 521 214 583 Ut
226 518 340 602 pariter
354 527 463 578 sanctae
475 514 623 575 merearis.
631 516 733 596 juncta
746 513 868 595 Maria,

210 612 331 675 Gaudia
342 622 490 693 perpetuo
504 608 717 671 concelebrare
731 611 834 674 choro.

170 707 236 769 Has
249 724 430 788 quaecunque
444 703 503 785 piis
517 703 656 764 manibus
666 706 832 786 susceperis
844 725 926 784 aras,

211 800 287 863 Nun
296 811 426 882 nuptura
435 797 572 873 homini,
587 799 639 860 sed
653 799 693 860 sis
705 812 802 860 amata
817 799 890 862 Dei.

296 953 329 1004 V.
349 951 402 1003 AD
425 951 596 1003 BEATAM
615 951 923 1007 RADEGUNDEM.

170 1067 302 1150 Ructat
315 1089 352 1148 de
364 1088 456 1169 stirpe
469 1099 579 1170 potens
593 1087 789 1172 Radeguudis
803 1089 835 1151 in
850 1091 944 1168 orbe,

211 1183 316 1244 Altera
328 1181 376 1243 cui
390 1181 472 1243 coelis
485 1201 576 1264 regua
590 1184 721 1244 tenenda
733 1198 873 1245 manent:

170 1277 351 1359 Despieiens
364 1276 509 1336 mundum
524 1276 659 1337 meruisti
673 1276 828 1357 acquirere
844 1277 1025 1357 Christum,¹

212 1369 253 1430 Et
266 1371 338 1430 dum
351 1369 550 1445 clausulam,
564 1370 636 1432 hinc
648 1390 739 1452 super
750 1383 829 1431 astra
842 1372 936 1435 vides.

170 1463 292 1527 Gaudia
304 1463 417 1525 terreni
429 1463 609 1525 conculcans
622 1464 710 1524 noxia
725 1464 827 1547 regni,

214 1557 260 1618 Ut
271 1558 389 1640 placeas
401 1558 465 1641 regi
478 1556 544 1617 lata
558 1557 676 1618 favente
688 1557 773 1638 polu.

171 1651 263 1713 Nunc
276 1665 397 1736 angusta
410 1664 512 1727 tenes,
528 1671 588 1730 quo
603 1649 694 1712 coelos
706 1649 816 1734 largior
829 1650 943 1727 intres,

211 1745 380 1806 Effundens
392 1744 539 1828 lacrymas
552 1744 657 1828 gaudia
669 1764 740 1805 vera
751 1757 854 1805 metes.

168 1838 256 1900 Dum
269 1859 379 1920 eorpus
392 1839 544 1913 cruciant,
557 1838 689 1898 animam
703 1839 815 1920 jejunia
829 1852 976 1919 pascunt,

213 1929 318 2008 Salve,
331 1951 421 2010 quam
437 1932 578 1993 dominus
592 1944 688 1992 servat
701 1951 806 1994 amore
818 1953 883 1993 suo.

231 2088 280 2141 Vl.
304 2089 357 2140 An
378 2088 528 2152 lesum,
550 2089 605 2139 DE
628 2089 770 2142 vlolns
794 2088 844 2141 ET
866 2089 1004 2143 ROSIS.

172 2201 339 2283 Testruna
353 2218 378 2279 si
389 2217 478 2280 solito
492 2219 567 2278 mihi
581 2220 706 2280 candida
718 2219 781 2281 lilia
794 2221 926 2297 ferrent,

213 2314 275 2376 Aut
287 2313 422 2394 speciosa
435 2312 514 2373 foret
527 2333 615 2374 suave
630 2313 741 2374 rubore
756 2333 837 2375 rosa:

172 2405 250 2471 Haec
263 2427 316 2491 ego
331 2427 400 2468 rure
411 2404 511 2490 legens
523 2420 573 2470 aut
586 2405 697 2488 cespite
713 2406 854 2487 pauperis
867 2405 969 2482 horti,

214 2500 366 2562 Misissem
378 2500 493 2582 magnis
507 2521 634 2561 munera
647 2520 739 2582 parva
751 2499 858 2561 libens.

173 2592 234 2657 Sed
248 2594 317 2674 quia
330 2594 429 2675 prima
443 2595 517 2655 mihi
529 2596 652 2669 desunt,
664 2594 712 2655 vel
725 2593 809 2654 solvo
824 2594 977 2670 secunda,

215 2686 336 2748 Profert
349 2687 400 2766 qni
413 2686 524 2762 violas,
539 2688 596 2748 sert
610 2701 639 2748 et
653 2707 758 2748 amore
769 2705 859 2747 rosas.

173 2781 257 2844 Inter
270 2779 435 2840 odoriferas
449 2793 549 2843 tamen
562 2783 615 2842 has
627 2802 699 2862 quas
714 2780 851 2842 misimus
863 2779 992 2858 herhas,

217 2872 378 2955 Purpureae
392 2874 479 2934 violae
492 2875 595 2935 nobile
606 2896 730 2958 germen
744 2874 863 2935 habent.

174 2969 338 3052 Respirant
349 2968 461 3051 pariter
474 2968 565 3052 regali
579 2989 665 3030 more
679 2969 825 3042 nitentes,

218 3062 258 3123 Et
270 3076 379 3124 saturat
389 3063 470 3122 foliis
482 3063 553 3124 hinc
567 3064 659 3138 odor,
676 3061 745 3121 inde
758 3063 858 3122 decor.

176 3153 248 3218 Hoc
260 3156 340 3235 quod
354 3169 511 3235 utrumque
524 3157 599 3238 gerit
614 3156 727 3237 pariter
739 3154 872 3222 habeatis
885 3167 1058 3236 utrumque,
