2222 3844
124 340 167 417 34
383 354 418 408 V.
444 356 480 409 Η.
506 355 759 410 FORTUNATI

126 447 200 512 Hoc
211 449 281 510 satis
293 467 355 512 esse
369 470 456 510 suum
468 450 516 514 vel
528 453 562 512 se
574 452 740 514 subducere
755 470 869 512 morsu.

125 540 257 604 Martius
270 565 341 628 ergo
355 543 494 630 chalybs,
510 542 661 606 lllartiuus
673 543 800 628 belliger
812 543 906 605 armis
1103 554 1104 638 l

126 635 198 700 Nec
210 639 288 719 pede
302 639 439 722 diffugit,
452 660 509 702 nec
522 640 590 702 sivit
603 640 688 701 abire
701 639 857 722 fugacem,

127 729 251 794 Pestem
264 745 340 794 stare
353 733 478 814 jubens;
495 735 574 797 acuit
585 734 637 816 qui
650 734 735 797 fauce
748 733 879 795 molares
892 757 900 792 z
1104 746 1105 788 t

130 825 192 888 Cui
206 827 313 910 digitos
325 828 372 890 vir
384 842 502 892 sanctus
515 830 547 889 io
560 849 593 890 os
606 830 679 889 dum
690 828 844 905 mitteret,
864 827 930 886 inlit
944 849 953 885 τ

131 917 166 980 Si
179 935 283 1003 potes,
298 943 367 985 ecce
379 923 617 999 vora'oblatam,
642 923 713 1004 lupe
727 922 834 998 noxie,
850 920 1014 1002 praedam,

131 1014 236 1095 Quam
249 1029 368 1098 peteres
380 1018 454 1078 alibi
467 1019 553 1078 datur
563 1018 644 1078 ultro
659 1017 798 1078 dentibus
811 1036 886 1078 esca.

133 1109 207 1190 Quo
221 1112 302 1173 dicto
314 1156 322 1187 ,
336 1113 435 1174 fauces
444 1113 574 1196 geminae
587 1123 766 1175 revocantur
777 1111 951 1190 utrimque,

131 1204 207 1266 Non
221 1207 341 1266 mordet
355 1207 479 1290 digitos,
494 1207 649 1290 suspendit
660 1205 762 1267 bellna
774 1205 884 1280 rictus,

131 1297 175 1359 Et
187 1299 326 1360 manibus
336 1302 418 1386 tangi
429 1302 549 1378 timuit,
564 1301 616 1382 qui
629 1314 672 1361 est
685 1301 774 1361 dente
786 1299 898 1361 voraci.
1102 1337 1106 1391 ,

135 1391 201 1472 Qui
216 1394 288 1453 dum
300 1394 380 1455 intra
393 1396 547 1458 obsessum
561 1395 659 1476 poenis
672 1406 809 1478 ageretur
821 1393 960 1466 acerbis3
1107 1391 1108 1395 ’

133 1485 205 1549 Nec
216 1499 318 1549 tamen
331 1489 372 1550 ob
385 1490 492 1572 digitos
506 1489 584 1550 exire
598 1509 655 1571 per
669 1509 722 1548 ora
736 1486 857 1559 liceret;

135 1579 233 1643 Foeda
245 1583 405 1644 ministerii
419 1585 515 1644 soedus
526 1582 649 1666 vestigia
660 1583 799 1663 linquens
810 1624 820 1653 ‚

137 1674 285 1738 Sordidus
298 1677 452 1760 egreditur
462 1698 521 1757 qua
535 1676 674 1738 sordibus
688 1688 731 1738 est
745 1675 792 1737 via
803 1673 893 1736 lluxu.
926 1708 928 1712 ·

138 1768 218 1833 Tale
230 1771 289 1832 iter
299 1783 456 1853 arreptum
468 1771 512 1833 sic
524 1783 554 1831 te
566 1771 652 1833 decet
666 1771 728 1847 ire,
745 1769 860 1832 viator.

138 1925 213 1978 UBI
238 1925 487 1980 CIVITATEM
509 1926 564 1976 DE
587 1925 708 1978 METU
733 1922 1035 1979 BARBARORUM

488 2029 691 2070 oronutvrr.

144 2128 241 2212 Hrtvo
255 2171 325 2213 cum
338 2151 511 2213 barbariem
523 2149 679 2232 sparsisset
692 2147 773 2210 sama
785 2168 843 2231 per
852 2146 983 2228 urbem,

142 2241 391 2328 Proventumque
404 2259 523 2310 trucem
537 2242 668 2307 crudelia
680 2242 796 2305 semina
808 2242 940 2319 ferrent,

143 2337 253 2401 Pastor
265 2342 367 2406 adesse
380 2342 464 2424 jubet
475 2340 628 2421 quendam
640 2360 675 2400 ex
687 2359 775 2423 grege
788 2337 966 2417 Daemonis,
981 2337 1029 2399 illi

143 2431 280 2516 Imperat
293 2449 325 2496 ut
337 2437 466 2517 prodat,
482 2435 508 2496 si
521 2435 631 2496 nuncia
642 2455 713 2495 vera
725 2445 883 2518 vagarent,

146 2526 215 2588 Ore
229 2547 298 2589 rcus
310 2541 406 2589 tortos
418 2528 511 2590 veluti
524 2528 578 2588 suh
591 2528 691 2610 judice
704 2529 813 2590 missus

146 2620 310 2683 Gressiltus
322 2621 461 2682 humanis
474 2621 612 2684 advectus
621 2621 707 2684 *larva
721 2623 832 2684 fatetur

146 2715 240 2778 Hanc
251 2716 364 2776 lamam
379 2715 496 2797 populo
508 2714 556 2776 bis
569 2715 663 2796 quino
676 2715 828 2778 Daemone
842 2715 957 2793 susam,

147 2808 197 2869 Ut
210 2822 336 2893 cogente
348 2821 432 2869 metu
447 2807 597 2872 lllartinus
610 2811 707 2872 abiret
720 2812 758 2872 ab
772 2811 858 2872 urbe.

147 2903 286 2964 Barbara
298 2915 461 2984 tempestas
471 2903 631 2982 tranquilla
645 2904 709 2988 lege
724 2904 872 2984 quiescit,

148 2997 359 3060 Formidanda
369 2997 425 3059 tibi
438 2997 521 3059 nulla
534 3011 577 3058 est
589 2998 718 3081 irruptio
730 2998 844 3078 gentis,

149 3089 221 3155 Nec
235 3113 354 3155 oausam
368 3106 524 3154 armorum
538 3093 668 3155 verearis
679 3092 762 3173 pacis
775 3103 902 3152 amator.

152 3185 289 3250 Martino
304 3200 450 3274 praesente
462 3188 577 3252 aditum
588 3186 705 3249 fallacia
719 3186 839 3268 perdit,
