2230 3838
150 334 209 398 160
397 355 429 408 v.
455 355 491 407 u.
516 355 775 408 ronruulrr

146 440 192 502 Ut
204 444 311 526 gaudet
323 465 450 527 corpus,
463 445 510 507 cui
526 445 630 506 mitior
642 466 710 508 esca
719 458 860 528 paratur,

190 537 242 601 Sic
255 540 363 599 animae
374 542 519 623 gaudent,
532 540 557 601 si
570 552 620 600 tua
632 538 731 623 lingua
742 555 836 603 sonet.

147 631 282 694 Haeresis
293 634 338 694 ira
350 635 446 712 cadit,
459 635 529 695 forti
542 647 570 694 te
582 633 679 696 milite
694 633 824 696 Christi:
838 639 842 646 '

185 728 326 809 Aequiris
339 729 419 813 regi,
434 730 486 811 qui
498 730 581 790 dedit
593 749 677 790 arma
690 729 754 790 tibi.

146 819 211 902 Qui
226 845 334 907 purgas
347 845 433 907 agros
444 824 539 905 spinis
552 845 692 885 sermone
705 824 844 902 colente,

185 916 227 978 Et
239 921 381 980 mundata
392 917 463 980 Deo
475 919 568 1001 surgit
579 918 692 998 ubique
703 939 794 1002 seges.

144 1011 210 1093 Qui
224 1014 306 1074 venit
318 1015 376 1075 buc
387 1012 471 1088 exul,
487 1013 595 1088 tristis,
611 1013 762 1089 defessus,
776 1033 907 1100 egenus,

185 1107 248 1169 Hic
261 1108 369 1188 recipit
383 1108 512 1189 patriam
525 1119 554 1168 te
563 1107 717 1168 refovente
730 1127 825 1169 suam.

144 1199 224 1282 Quae
237 1202 333 1264 doluit
344 1201 426 1263 tollis
437 1201 565 1285 gemitus
579 1201 610 1261 in
624 1203 729 1286 gaudia
742 1213 879 1279 vertens,

183 1295 316 1357 Exilium
331 1317 486 1372 removes,
499 1297 599 1358 reddis
609 1316 714 1357 amore
729 1294 830 1358 Lares.

142 1388 1043 1472 Pauperbaberecibum,meruitquoquenudus‘amictnm:

183 1484 304 1546 Invenit
317 1486 367 1548 bic
378 1507 514 1567 semper,
530 1508 594 1565 quae
607 1484 689 1547 bona
702 1485 826 1566 quisque
838 1485 931 1566 cupit.

143 1576 328 1642 Consultum
339 1580 446 1640 tribuis
458 1579 639 1662 generaliter
652 1578 794 1640 omnibus
806 1599 921 1655 unum,

184 1673 250 1753 Qui
263 1673 369 1755 populi
381 1686 467 1754 pater
479 1694 528 1748 es,
542 1686 588 1733 tot
601 1672 652 1754 pia
665 1673 722 1733 rite
735 1673 822 1756 geris.

141 1766 218 1831 llaec
230 1768 286 1829 tibi
300 1767 359 1827 vita
373 1766 442 1840 diu,
457 1766 583 1826 domino
597 1765 765 1843 tribuente,
780 1766 926 1847 supersit,

182 1860 284 1942 Atque
297 1861 396 1921 sutura
409 1859 502 1922 micet
509 1857 657 1921 lucidiore
670 1859 728 1920 die.

246 2029 366 2082 XVIII.
392 2029 446 2080 An
473 2028 680 2082 SANCTUM
701 2027 922 2082 lllllllllUlll.

142 2139 221 2226 Lux
232 2164 348 2228 sincera
360 2165 454 2226 animi
467 2185 589 2247 semper
602 2164 677 2226 mibi
693 2164 788 2228 dulcis
804 2163 925 2243 Hilari,

185 2259 335 2341 Quamvis
348 2261 502 2321 absentem
516 2280 607 2339 quem
620 2279 689 2321 mea
703 2279 773 2322 cura
785 2259 876 2320 videt.

143 2352 238 2437 Cujus
251 2357 392 2418 honestus
405 2375 492 2417 amor
505 2368 621 2416 tantum
632 2375 701 2416 mea
714 2354 806 2416 corda
820 2351 969 2434 replerit,

183 2448 229 2510 Ut
242 2451 306 2512 sine
319 2463 348 2512 te
360 2469 513 2528 nunquam
526 2461 626 2509 mente
639 2460 762 2510 vacante
774 2447 891 2527 loquar.

141 2540 289 2605 Versibus
303 2545 412 2627 exiguis
422 2544 600 2604 rnandarnus
612 2555 681 2602 vota
693 2541 810 2613 salutis,

183 2637 263 2718 Quae
275 2639 359 2698 dedit
370 2637 510 2714 allectus,
524 2637 584 2698 sint
595 2637 652 2698 tibi
666 2656 734 2699 cara
748 2656 870 2717 precor.

239 2793 310 2844 xlx.
330 2790 378 2843 An
397 2790 696 2844 BERTEGRANNUM
714 2789 937 2852 EPISCOPUM,

278 2883 366 2935 ouon
391 2884 462 2922 suro
486 2883 655 2922 tnvassur
677 2884 712 2920 rn
733 2881 893 2921 cunnum.

143 2957 336 3042 Cunrucuur
347 3001 439 3065 genus
450 2993 494 3044 est
502 3025 511 3058 ,
520 2993 671 3042 memorat
681 2981 762 3059 quod
774 2979 876 3044 Gallia
887 2981 1039 3068 rhedam,

183 3074 321 3137 Molliter
334 3077 476 3137 incedens
487 3076 586 3137 orbita
596 3074 689 3137 sulcat
702 3075 840 3138 humum.

138 3168 273 3233 Fniliens
286 3168 401 3254 duplici
412 3168 515 3254 bijugo
527 3168 609 3234 volat
621 3189 673 3232 axe
687 3168 798 3246 citato,
