2222 3852
272 307 521 363 posueruut
550 309 682 366 umus
707 312 758 365 tv.
903 321 958 385 ¹97

68 408 166 470 Hauc
177 402 280 466 aridus
291 416 412 483 captans
425 402 519 465 oculis
532 403 694 484 animoque
708 425 849 482 recurro,

117 499 238 582 Sospite
251 511 280 560 te
291 498 421 582 gaudeus
435 498 516 579 quod
528 497 678 560 referebat
691 520 774 582 apex.

72 595 209 679 Longius
219 594 291 656 hinc
304 604 402 672 vestro
415 593 469 655 sub
481 593 624 668 nomine,
637 614 716 676 papo
728 593 877 680 Gregori,

114 687 232 773 Pagina
243 709 295 750 me
309 699 425 750 recreet
433 688 525 749 missa
537 687 638 750 salutis
648 709 717 770 ope.

76 843 197 897 XXXIV.
222 838 376 894 noututs
400 839 550 894 sANcrts
573 841 697 910 ATQUE
726 843 962 900 APOSTOLICIS
1029 915 1032 924 y

165 935 199 971 nr
217 931 338 971 cnursro
354 933 492 972 muamus
511 929 650 972 occursum
666 935 878 986 rosrrrrcmus,

75 1010 416 1061 rouruusrus‚roo
433 1009 738 1051 couuesuumorru
754 1015 962 1058 resectum.

80 1125 219 1209 Guouls
235 1138 431 1222 pontificum,
446 1137 600 1201 veneratio
616 1135 884 1221 Christicolarum,

117 1240 244 1302 Norma
253 1235 461 1310 sacerdotum,
473 1233 594 1296 culmen
606 1245 636 1295 et
648 1233 732 1296 orbis
742 1235 859 1300 honor:

76 1334 142 1421 Qui
153 1333 224 1396 loca
235 1329 406 1414 perspicitis
418 1329 552 1412 propriae
564 1328 713 1421 mercedis
726 1350 847 1410 amore,

118 1425 332 1491 succurrendo
346 1423 436 1500 viris,
449 1435 546 1485 vester
555 1437 589 1484 ut
602 1436 679 1485 extet
691 1444 776 1506 apex.

77 1522 158 1587 Ecce
171 1521 257 1584 venit
269 1539 400 1602 preeseus
412 1517 503 1579 italus
514 1517 689 1604 peregrinus
703 1531 732 1580 et
743 1519 868 1602 hospes,

125 1615 262 1678 Cernens
272 1625 424 1694 pastores,
438 1635 478 1674 ne
491 1632 602 1696 precor
615 1625 695 1674 erret
707 1615 780 1676 ovis.

84 1708 223 1792 Qualiter
234 1708 272 1768 ad
283 1706 412 1789 patriam
426 1720 588 1788 properet,
601 1706 707 1768 solatia
720 1709 836 1792 poscit,

118 1803 261 1866 Inveniat
273 1821 382 1861 munus
393 1821 446 1863 vos
459 1822 566 1885 vagus,
581 1802 666 1878 exul,
681 1802 779 1884 inops.

80 1899 133 1963 Me
145 1898 351 1959 Fortunatum
363 1896 523 1977 proprium
537 1897 647 1977 pictate
661 1911 837 1979 parentum,

121 1990 295 2058 Conciliate
307 1989 381 2074 polo
393 2010 495 2071 quaeso
507 1991 661 2073 precando
674 1990 788 2053 Deum.

78 2160 188 2217 XXXV.
205 2157 255 2209 ΑΙ)
276 2154 443 2208 ultumum
470 2152 657 2220 ABBATEM,
682 2155 971 2212 sstuustotttuttt

85 2287 186 2370 Oreo
199 2303 329 2389 benigne
341 2317 428 2387 pater
440 2305 534 2366 verbo
546 2303 603 2367 tibi
616 2304 697 2366 serre
710 2305 856 2384 salutem,

123 2399 160 2462 si
176 2399 277 2460 miuus
288 2399 359 2461 hinc
370 2398 459 2461 oculo
472 2419 597 2462 cernere
609 2412 638 2460 te
649 2399 744 2462 valeo.

80 2493 140 2557 Est
150 2495 264 2556 etenim
276 2493 366 2556 vestri
379 2504 477 2554 tentus
489 2493 565 2554 mihi
577 2493 672 2557 cultus
681 2494 827 2573 honoris,

127 2589 173 2650 Ut
186 2609 244 2670 pro
257 2609 307 2650 me
322 2601 458 2650 occurrat
470 2588 541 2651 hinc
553 2589 608 2651 tihi
622 2588 730 2650 missus
743 2609 828 2671 apex.

84 2685 220 2766 Quaeso,
234 2683 339 2760 beate,
354 2695 455 2744 tomen
467 2704 524 2766 per
536 2684 648 2767 pabula
659 2683 758 2746 dulcio
773 2681 886 2748 Christi
895 2704 909 2762 ‚·

127 2778 184 2839 Mc
198 2798 319 2859 quoque
333 2798 556 2841 commemores
570 2800 640 2841 com
653 2779 737 2841 dabis
750 2799 803 2841 ore
818 2799 933 2863 preces.

82 2873 219 2937 Munera
232 2874 324 2935 credo
336 2871 399 2934 Dei
411 2872 503 2934 tribui
516 2874 591 2934 mihi
603 2887 706 2957 pastor
716 2874 830 2952 hredi,

129 2967 165 3030 Si
176 2966 337 3029 Fortunati
353 2968 394 3029 sis
407 2988 528 3030 memor
541 2968 620 3030 alme
632 2969 686 3030 tui.

86 3063 151 3127 Pro
165 3084 217 3124 me
228 3063 320 3124 etiem
333 3075 469 3126 sanctum
481 3064 683 3148 genetricem,
698 3084 786 3140 care,
801 3061 913 3138 saluta,

132 3155 216 3222 Com
229 3159 308 3223 redit
320 3158 375 3224 iste
388 3180 481 3243 puer,
496 3160 588 3221 redde
601 3158 751 3242 loquentis
765 3176 868 3240 opem.

837 3270 884 3334 ¹7·
