2230 3838
300 353 542 408 POEMATUM
567 354 693 410 LIBER
714 356 735 407 Ι.
907 363 964 430 ¹⁰9

73 443 168 507 Flore
181 445 345 528 juventutis
357 447 443 508 senio
457 447 587 530 fugiente
602 461 776 524 coruscant,

116 539 157 601 Et
168 541 225 602 tihi
238 541 306 602 laeta
319 542 420 603 favent
429 537 514 622 ,quo
529 557 691 606 renovante
703 544 810 606 virent.

74 633 122 697 Ut
131 649 163 696 tu
177 635 246 718 plus
259 657 378 720 ageres,
393 637 532 699 incendia
544 651 621 701 tecta
635 653 824 719 cremarunt,

116 729 156 791 Et
168 753 251 793 nunc
261 731 347 792 laude
360 745 412 793 tua
424 731 578 814 pulchrius
589 732 640 794 illa
652 735 775 797 micant.

72 825 228 907 Nullaque
242 825 469 888 llammicremae
480 841 636 888 senserunt
649 829 759 890 damna
774 832 885 909 ruinae,

113 922 196 1004 Quae
208 922 304 984 modo
317 935 386 1003 post
399 923 481 1006 ignes
494 922 608 984 lumine
621 922 711 1004 plena
724 914 829 986 nitent.

69 1018 177 1082 Credo
192 1018 275 1098 quod
288 1039 323 1077 ex
333 1038 397 1080 sese
410 1016 573 1078 voluissent
586 1017 650 1099 ipsa
662 1021 809 1096 cremari,

111 1112 159 1174 Ut
174 1113 265 1174 labor
276 1112 328 1173 ille
341 1125 408 1174 tuus
421 1112 484 1174 haec
495 1111 623 1172 meliora
635 1112 728 1175 daret.

69 1208 146 1271 Post
159 1210 278 1270 eineres
290 1218 468 1288 consumpta
479 1227 547 1268 suos
560 1219 723 1288 tenuesque
737 1209 869 1289 favillas,

115 1302 168 1366 Sic
179 1303 257 1364 solet
268 1315 298 1364 et
309 1302 432 1383 phoenix
443 1323 474 1362 se
487 1321 632 1363 renovare
645 1323 743 1364 senex.

63 1399 238 1463 Instaurata
252 1398 342 1459 etiam
355 1397 431 1460 sacri
446 1411 488 1459 est
499 1397 687 1478 baptismatis
698 1397 783 1474 aula,

112 1493 190 1575 Quo
203 1492 334 1555 maculas
346 1506 462 1554 veteres
472 1493 541 1554 sons
553 1492 631 1553 lavat
645 1513 720 1554 unus
733 1493 828 1576 aquis.

68 1588 153 1652 Ecce
164 1588 253 1650 beata
264 1609 353 1650 sacrae
366 1588 495 1648 fundasti
505 1587 621 1669 templa
637 1585 760 1665 lllariae,

113 1683 145 1744 N
147 1705 187 1744 ox
196 1683 250 1744 uhi
262 1683 339 1745 victa
351 1683 427 1766 sugit
438 1704 560 1764 semper
570 1682 710 1744 habendo
724 1685 806 1746 diem
818 1708 826 1747 ε

65 1777 204 1839 Lumine
216 1776 308 1859 plena
320 1778 436 1840 micans
449 1778 565 1839 imitata
579 1791 622 1839 est
634 1777 703 1839 aula
716 1778 867 1860 Mariam,

112 1873 170 1934 llla
183 1887 270 1935 utero
285 1872 383 1935 lucem
397 1872 518 1951 clausit,
534 1886 564 1934 et
577 1873 632 1934 ista
643 1875 734 1936 diem.

68 1968 103 2031 N
107 1991 140 2031 ec
146 1967 312 2043 sulumhic,
320 1969 371 2030 sed
379 1968 490 2048 ubique
498 1968 612 2032 micant
619 1971 799 2052 tuatempla,
808 1973 959 2053 sacerdos,

110 2063 196 2125 Inter
210 2084 276 2143 quae
289 2062 434 2144 plaudens
448 2061 600 2125 Santonus
613 2063 665 2124 illa
678 2077 789 2126 manet.

65 2157 135 2240 Qui
148 2158 218 2220 luca
231 2158 283 2218 das
294 2156 416 2239 populis
428 2157 481 2218 uhi
498 2155 654 2221 Christum
667 2160 776 2244 jugiter
790 2173 897 2240 orent,

109 2253 207 2314 Unde
220 2252 298 2314 salus
310 2253 426 2328 veniat,
441 2265 473 2314 tu
486 2253 558 2328 lacis
572 2274 635 2315 esse
649 2252 739 2315 riam.

67 2346 274 2428 Ecclesiaeque
288 2348 396 2409 domus
409 2362 561 2411 crescente
573 2348 729 2411 cacumine
742 2347 856 2430 pollet,

110 2441 152 2503 Et
166 2443 277 2524 probat
289 2462 352 2503 esse
363 2455 448 2503 tuum
462 2444 650 2523 quodmodo
664 2443 743 2506 culta
756 2442 864 2526 placet.

68 2536 183 2599 Fecisti
194 2549 228 2598 ut
238 2535 331 2598 libeat
343 2550 466 2599 cunctos
479 2538 538 2601 huc
550 2559 673 2601 currere
685 2538 782 2616 cives,

109 2630 152 2692 Et
166 2633 275 2693 dumus
286 2653 346 2693 una
358 2645 461 2708 vocet,
476 2633 619 2714 quicquid
633 2634 663 2693 in
676 2632 750 2694 urhe
764 2645 874 2695 manet.

67 2724 196 2788 Ornasti
210 2726 340 2808 patriam
353 2727 402 2790 cui
416 2729 496 2789 dona
508 2728 654 2810 perennia
668 2740 805 2810 praestas,

107 2820 160 2881 Tu
172 2841 293 2901 quoque
306 2822 450 2885 dicendus
462 2822 679 2906 Burdigalense
690 2824 789 2886 decus.

66 2914 230 2997 Quantum
243 2916 324 2977 inter
334 2917 464 2998 reliquas
475 2930 565 2999 caput
577 2918 640 2980 haee
650 2917 844 3000 superextulit
854 2919 961 3002 urbes,

106 3008 244 3071 Tantum
256 3013 414 3094 pontifices
424 3013 519 3076 vincis
530 3013 647 3075 honore
658 3015 774 3098 gradus.

64 3102 220 3166 Inferiora
233 3105 314 3168 velut
325 3122 393 3168 sunt
402 3107 528 3168 flumina
541 3121 646 3170 cuncta
661 3108 831 3186 Garunnae,

107 3199 140 3264 N
143 3220 186 3262 on
198 3199 287 3265 aliter
300 3202 386 3267 vohis
397 3202 530 3289 suhjacet
543 3203 642 3266 omnis
654 3223 738 3287 apex.

750 3317 788 3358 ιο
