2222 3844
121 393 123 398 ¹
156 304 197 368 80
423 325 456 378 v.
477 325 512 379 u.
536 319 783 378 somonam

97 444 103 449 =·
159 409 191 472 Ο
204 431 287 473 sacer
300 413 438 490 antistes,
457 413 544 478 dulce
555 428 586 476 et
599 410 798 476 memorabile
810 429 942 485 nomen,

158 503 238 584 Quis
253 527 284 568 se
298 528 359 568 non
374 510 479 570 subdat
492 509 566 586 tibi,
581 530 638 590 pro
653 528 712 588 quo
727 519 756 568 et
769 504 873 565 nubila
888 502 1054 586 pugnant?

157 599 234 664 Haec
248 622 367 682 quoque
381 604 459 665 mira
469 602 577 684 loquar
589 603 679 685 pari-li
692 602 800 664 virtute
812 610 951 680 peracta:

157 691 261 756 Stabat
274 695 368 772 celsa,
382 698 498 780 rigens,
517 697 672 774 informis,
688 696 787 756 lomna
801 693 969 767 columnae,

155 788 304 864 Immanis¹
315 792 436 866 habitu,
447 804 544 854 tractu
558 789 768 872 insuperabilis
780 786 902 868 amplo,

158 882 237 963 Quae
248 886 516 967 superimpositum
529 885 744 947 simulachrum
755 881 862 944 hostile
872 881 1016 963 gerebat:

157 976 261 1057 Quam
276 979 343 1060 pius
356 992 388 1040 ut
401 978 514 1056 voluit,
528 980 620 1042 valuit
632 999 729 1059 neque
744 977 859 1040 solvere
873 975 1014 1053 molem,

155 1069 271 1132 Rursus
285 1074 322 1133 ad
335 1073 441 1134 orandi
455 1073 589 1136 victricia
602 1073 683 1155 signa
695 1071 842 1144 cucurrit,

154 1163 290 1249 Belliger
304 1166 427 1229 eliciens
440 1168 477 1228 ad
488 1188 519 1228 se
531 1188 615 1228 arma
627 1165 762 1248 potentia
775 1164 872 1239 coelis,

155 1256 271 1320 Stratus
283 1259 377 1321 humo
391 1261 556 1336 recubans,
574 1259 715 1343 precibus
728 1279 818 1342 super
829 1271 907 1319 astra
921 1256 1046 1318 relatus.

157 1350 231 1431 Quo
245 1367 385 1416 exorante
396 1355 449 1417 diu
462 1355 617 1434 multoque
630 1354 661 1413 in
674 1352 798 1436 pulvere
812 1352 896 1427 suso,

157 1442 283 1508 Coelitus
295 1461 339 1509 est
350 1449 445 1510 oculis
457 1449 639 1511 descendere
652 1447 714 1509 visa
728 1445 886 1522 columna,

153 1537 294 1602 Molliter
307 1542 391 1603 aerio
407 1542 568 1604 dissulcans
578 1541 682 1602 nubila
694 1538 796 1621 lapsu,

156 1631 236 1712 Quae
249 1634 364 1696 molem
378 1635 549 1717 oppositam
563 1647 595 1696 ut
605 1636 722 1698 vibrato
735 1633 865 1717 perculit
877 1633 956 1711 ictu,

154 1727 319 1812 Fragmine
333 1729 460 1790 dissiluit
471 1749 618 1814 compago
630 1729 731 1791 soluta
740 1728 907 1802 columnae,

154 1820 312 1904 Lapsaque
326 1823 461 1904 disperso
473 1837 601 1906 pereunt
613 1822 798 1886 simulachra
805 1821 928 1883 metallo
939 1864 949 1898 ,

154 1913 197 1975 Et
208 1917 332 1977 mentita
345 1938 425 1979 novo
439 1918 587 1980 feriuntur
597 1918 723 1978 numina
733 1916 794 1978 telo
803 1961 819 1993 ,.

154 2007 245 2070 Falsa
258 2011 381 2089 quidem
399 2033 502 2074 veram
516 2012 663 2074 sumentia
673 2011 807 2073 numinis
820 2012 906 2072 iram.

156 2103 235 2183 Quae
248 2105 388 2167 subversa
399 2107 458 2168 suis
468 2120 634 2191 genuerunt
647 2107 729 2168 lucra
742 2105 854 2182 ruinis,

152 2196 200 2260 Ac
214 2199 344 2260 resoluta
355 2201 426 2262 seris
439 2215 596 2265 creverunt
606 2201 721 2283 templa
734 2200 852 2262 favillis.

154 2289 292 2355 Pandere
304 2295 469 2374 quinetiam
481 2296 566 2357 decet
577 2295 651 2356 illud
663 2296 780 2356 honore
793 2293 893 2355 beati:

154 2383 271 2448 Pallida
283 2411 352 2452 cum
365 2389 475 2451 mulier
484 2389 613 2451 stillante
627 2390 737 2450 rubore
750 2385 882 2464 cruoris,

125 2505 128 2514 ’
155 2479 249 2564 Cujus
261 2504 293 2544 se
307 2483 420 2567 irriguo
434 2484 583 2546 siccarunt
595 2484 708 2546 viscera
719 2481 816 2558 lluxu,

152 2573 454 2659 Naufragamembra
468 2578 585 2639 trahens
598 2599 700 2640 secum
713 2597 786 2661 vaga
796 2575 946 2662 sanguinis
959 2578 1039 2640 unda

152 2666 347 2750 Tempestate
359 2690 417 2730 suae
429 2670 538 2750 pluviae
551 2672 665 2734 defessa
678 2672 835 2746 laborans:

151 2759 223 2842 lpsa
235 2762 292 2822 sibi
306 2783 451 2846 generans
463 2765 570 2827 secreti
584 2767 713 2827 turbinis
723 2766 856 2841 imbres,

154 2853 311 2917 Fluctibus
325 2870 355 2918 et
368 2859 502 2940 propriis
515 2862 576 2941 jam
590 2861 780 2922 submersura
794 2860 917 2936 ruebat,

153 2948 221 3013 Nec
231 2971 321 3032 super
331 2950 409 3012 ullus
422 2966 485 3014 erat
498 2966 603 3035 portus
615 2953 673 3014 sibi
686 2973 794 3014 norma
805 2952 921 3015 salutis:

155 3042 215 3107 Cui
228 3045 322 3124 semel
335 3059 366 3107 ut
379 3059 457 3108 tacta
468 3060 512 3134 est
524 3047 675 3108 benedicti
688 3046 808 3108 fimbria
820 3047 882 3125 fili,

152 3138 277 3204 Nobilis
289 3161 324 3205 ac
334 3141 445 3209 summi
458 3141 620 3224 palpantur
630 3140 757 3204 stamina
767 3143 878 3226 panni,
