2222 3844
184 265 244 318 DE
262 263 366 318 VITA
391 264 420 318 S.
439 265 624 321 MARTINI
648 266 777 326 LIBER
792 271 833 326 ll.
915 259 955 321 53

75 355 210 418 Versibus
221 356 357 418 intonuit
371 354 514 418 Paulinus
527 359 637 421 deinde
650 360 775 438 beatus,

74 449 276 534 iliquiparare
288 451 391 514 valens
402 451 526 514 illustris
536 465 662 536 uterque
672 455 803 536 relator,

72 544 194 607 Materia
205 546 301 623 victi,
315 548 410 608 sedet
423 546 481 629 ipsi
494 549 628 611 carmine
642 552 771 630 cedunt,

70 639 250 704 luminibus
263 642 353 702 tantis
364 662 419 726 ego
432 642 553 705 nubilus
565 644 684 706 inseror
696 649 812 725 audax,

69 731 109 795 Ex
118 737 264 800 minimis
275 737 442 813 minimus„
451 738 489 799 de
502 739 618 824 magnis
630 741 760 803 maxima
772 755 906 824 tentans,

70 827 128 909 Qui
141 833 225 913 pede
238 832 410 908 subtitubo,
423 832 559 894 balbutio
574 834 666 897 sancis
679 837 806 917 anhelo,
890 867 892 870 ·

66 923 103 985 Et
115 929 200 989 rudis
211 926 337 1008 eloquio
350 947 441 1009 carpo
454 929 536 1007 quod
548 930 679 992 condere
693 946 787 996 certo.

66 1017 271 1098 Duroniam,
284 1021 354 1102 quia
365 1033 395 1082 te
411 1021 521 1083 cecinit
533 1043 584 1084 rea
596 1022 696 1108 lingua
709 1026 815 1089 relatu.

66 1112 127 1176 Fer
136 1117 264 1198 pictatis
277 1136 371 1197 opem
383 1115 514 1193 misero,
527 1118 699 1180 miserando
712 1119 876 1199 misertor,

67 1205 181 1272 Rector
193 1223 227 1271 ut
241 1210 421 1272 altithronus
431 1231 501 1272 cum
513 1213 630 1273 venerit
640 1213 754 1275 arbiter
766 1215 867 1293 orbis,

68 1300 147 1364 Tum
158 1326 287 1367 memor
298 1304 436 1366 obtineas
447 1303 549 1367 delicti
562 1305 677 1367 oblivia
689 1308 804 1383 nostri,

69 1394 150 1460 lnter
160 1420 215 1461 me
227 1420 264 1463 ac
277 1398 437 1460 dominum
450 1400 599 1462 mediator
612 1402 714 1462 adesto
726 1402 876 1487 benigne,

15 1551 16 1568 ,
73 1491 174 1573 Quem
187 1517 243 1557 sua
256 1494 345 1575 culpa
357 1493 445 1577 ligat,
461 1508 512 1556 tua
521 1508 554 1555 ut
566 1496 748 1559 interventio
761 1498 865 1559 solvat.

74 1585 148 1669 Spes
159 1589 327 1654 Fortunati
340 1588 374 1648 fit
384 1588 444 1650 fida
454 1589 557 1651 salutis
570 1591 676 1675 egeni,

74 1677 265 1765 Suppliciter
276 1681 425 1744 humilem
438 1684 496 1746 tibi
508 1706 540 1746 se
553 1687 690 1748 stravisse
700 1699 847 1768 patrone,

74 1774 138 1856 Qui
149 1778 248 1861 leprae
262 1775 394 1839 maculas
406 1779 556 1842 medicata
566 1801 623 1862 per
636 1781 737 1844 oscula
746 1802 873 1865 purgas,

75 1866 186 1934 Mortis
198 1885 232 1934 et
245 1883 383 1934 extremae
394 1893 517 1937 revocas
531 1874 691 1959 inhorigine
704 1875 816 1952 finem,

79 1961 186 2029 Carnis
200 1967 300 2030 adhue
311 1966 423 2050 fragilis
434 1969 588 2048 quondam
601 1969 656 2031 sub
670 1969 801 2055 imagine
814 1982 965 2046 constans,

79 2057 169 2126 Nunc
183 2083 265 2144 opus
279 2074 312 2124 ut
322 2061 411 2122 mites
425 2062 521 2143 pietas
534 2077 586 2124 tua
598 2067 773 2128 commodet
788 2085 894 2126 aures:

80 2151 161 2217 Nam
173 2177 270 2240 prece
283 2176 372 2239 posse
386 2156 466 2218 vales
479 2161 561 2241 apud
570 2159 677 2237 illum,
691 2163 775 2242 cujus
786 2160 926 2235 haberis,

84 2245 175 2327 Quod
188 2263 261 2333 peto
271 2264 305 2312 tu
315 2251 449 2332 poteris,
466 2254 536 2333 quia
548 2267 647 2316 totum
659 2267 780 2338 praestat
792 2254 911 2327 amicis,

85 2339 135 2406 Sic
147 2345 206 2409 tibi
220 2365 344 2427 quaeque
355 2348 435 2428 petis
444 2348 556 2416 tribuat
567 2350 728 2434 praesentia
741 2349 828 2433 regis.
