2218 3862
254 411 380 504 uu.
404 339 842 507 souroutrr

295 697 460 759 trusum
484 689 761 764 stueuusnus.

1 945 3 980 l
91 950 114 1002 1.
131 948 186 1001 DE
210 948 390 1006 Exototo
418 949 673 1012 THURINGIAE
700 960 752 1014 EX
773 959 972 1015 Punsoun

415 1045 651 1088 nannouun1s

93 1150 775 1251 Cosmnoserttossu‚s0rsinviasrerum

135 1266 238 1347 Quam
252 1267 349 1329 subito
361 1267 447 1349 lapsu
461 1289 550 1354 regna
562 1271 692 1352 superba
704 1274 820 1336 cadunt.

0 1407 1 1414 κ
68 1409 76 1420 ,
92 1361 172 1426 Aula
183 1363 315 1445 palatino
327 1383 393 1442 quae
405 1362 507 1424 lloruit
520 1378 606 1452 antea
620 1365 717 1443 cultu,

137 1454 228 1519 Hane
239 1457 331 1517 modo
343 1476 401 1538 pro
413 1459 540 1519 cameris
550 1446 655 1522 inoesu
666 1459 765 1534 [suilla
779 1460 860 1546 tegit.

94 1549 175 1632 Quae
183 1562 324 1612 steterant
335 1549 426 1634 longo
438 1551 538 1614 felicia
549 1552 680 1614 culmina
693 1566 804 1632 tractu,

137 1643 225 1708 Victa
236 1645 291 1706 sub
305 1645 416 1728 ingenti
426 1645 513 1738 clauc
527 1658 658 1728 cremata
670 1649 779 1729 jacent.

1 1761 15 1771 ¹*
94 1738 197 1804 Ardua
210 1760 274 1819 quae
286 1739 377 1804 rutilo
390 1740 507 1802 nituere
521 1753 625 1802 ornata
638 1742 782 1822 metullo,

136 1830 268 1895 Pallidus
279 1833 428 1916 oppressit
436 1833 548 1918 fulgida
559 1847 638 1899 tecta
650 1836 744 1898 cinis:

94 1924 188 1988 Missa
199 1927 253 1988 suh
266 1925 367 1989 hostili
379 1927 505 1989 domino
518 1931 635 2010 captiva
648 1943 778 2012 potestas
784 1975 796 2020 t

132 2013 257 2082 Decidit
268 2015 301 2080 in
310 2021 418 2081 humili
431 2021 526 2104 gloria
540 2022 617 2085 celsa
630 2023 709 2087 loco.

94 2112 182 2176 Stans
193 2125 277 2176 aetate
289 2113 356 2195 pari
368 2113 551 2175 famulorum
564 2115 651 2176 turba
664 2117 813 2180 nitentum

134 2206 276 2270 Funereo
286 2207 388 2270 sordet
399 2207 524 2290 pulvere
534 2206 634 2269 functo
646 2209 704 2270 die.

94 2299 186 2366 Clara
198 2302 406 2364 ministrorum
416 2301 524 2383 stipata
534 2321 646 2364 corona
657 2314 834 2384 potentum,

1 2406 7 2513 j
134 2394 229 2456 Nulla
241 2394 398 2476 sepulchra
407 2408 512 2456 tenens
524 2395 630 2456 mortis
639 2396 757 2456 honore
769 2408 858 2457 earet.

91 2488 352 2552 Flammivomum
365 2489 487 2552 vincens
499 2490 622 2552 rutilans
635 2489 667 2549 in
680 2489 816 2556 curribus
827 2511 933 2554 aurona

137 2581 236 2644 Strata
247 2583 313 2644 solo
323 2584 446 2650 recubat
457 2583 614 2647 lacticolor
626 2583 726 2644 amati.

96 2677 169 2740 lleu
181 2675 260 2738 male
272 2690 408 2740 texerunt
418 2679 571 2740 inhumata
583 2680 724 2741 cadavera
739 2697 880 2761 campum

136 2768 274 2851 Totaque
286 2772 329 2834 sic
342 2793 403 2835 uno
413 2793 485 2858 gens
497 2776 574 2857 jacet
587 2774 618 2834 in
632 2773 756 2834 tumulo.

94 2863 170 2928 Non
183 2867 244 2949 jam
256 2865 319 2928 sola
332 2887 398 2928 suas
407 2868 551 2930 lamentet
562 2867 658 2928 Troia
670 2868 789 2942 ruioas,

136 2957 266 3022 Pertulit
280 2973 309 3020 et
319 2961 412 3022 caedes
423 2973 502 3023 terra
515 2959 648 3044 Toringa
661 2980 758 3041 pares.

2 3066 16 3131 ’,
97 3051 181 3117 Hinc
191 3054 307 3135 rapitur
317 3054 422 3116 laceris
436 3067 574 3119 matrona
586 3054 719 3114 revincta
733 3051 868 3135 capillis,

137 3143 206 3208 Nec
217 3147 328 3210 laribus
339 3147 437 3230 potuit
448 3148 547 3211 dicere
559 3148 643 3208 triste
654 3146 728 3208 vale.

2 3241 3 3302 f
98 3233 211 3303 Oscula
222 3261 285 3304 non
299 3241 383 3305 licuit
396 3241 514 3324 captivo
528 3242 650 3328 infigere
662 3242 758 3324 posti,

1 3327 5 3376 t

1 3394 21 3483 l,

2 3673 3 3768 l
