2222 3844
171 305 226 357 DE
250 307 352 360 VITA
379 307 407 359 S·
433 307 612 360 MARTINI
641 307 769 359 LIBER
792 309 833 362 11.
907 296 945 380 47

77 395 199 480 Fulgidus
212 398 345 474 exuviis,
361 397 454 480 regali
467 410 547 459 veste
560 397 696 473 satelles,

76 489 165 552 Tectos
176 491 356 566 bracteolis,
374 511 468 552 vacuo
483 493 652 552 diademate
663 491 809 574 pulcher,

75 583 176 646 Ordine
188 606 381 670 gemmarum
393 607 556 648 numerosa
570 586 637 648 luce
652 608 813 666 coruscus,

74 677 147 740 Faba
157 693 238 743 veste
252 693 378 761 potens,
392 681 440 742 cui
454 680 569 743 calceus
583 680 673 741 illitus
686 701 782 758 auro,

73 773 169 835 latior
183 787 214 836 et
226 775 346 835 tumido
359 777 471 858 jactans
484 798 515 836 se
528 795 644 857 pompa
660 775 833 858 triumpho,

74 865 153 950 Cujus
164 871 201 930 ad
215 882 372 950 aspectum
386 883 503 932 sauctus
515 870 606 931 habet
619 891 672 930 ore
687 891 825 952 represso

70 960 225 1044 blutuaque
239 966 331 1025 ambo
346 965 397 1026 din
409 978 532 1026 tenuere
547 965 667 1025 silentia
680 965 777 1040 sastu,

70 1055 176 1119 Mirans
193 1059 249 1120 ille
263 1059 378 1135 virum,
394 1061 466 1120 dum
480 1058 608 1140 despicit
620 1059 674 1120 iste
688 1058 864 1140 superbum.

72 1149 163 1230 Quem
176 1153 266 1234 prior
275 1153 437 1233 alloquitur
447 1175 516 1214 reus
528 1164 557 1214 et
569 1153 748 1214 temerarius
759 1155 853 1214 hostis
867 1178 874 1214 :

72 1243 139 1324 Quae
151 1249 287 1323 dudum,
302 1245 453 1324 Martiae,
472 1249 557 1329 cupis
569 1260 748 1328 penetrante
760 1261 899 1327 precatu,

71 1337 134 1400 Jam
146 1343 197 1422 pia
212 1355 285 1404 vota
295 1355 397 1419 tenes,
416 1363 471 1426 ego
485 1364 551 1402 sum
567 1354 617 1402 tua
632 1339 729 1423 gloria
743 1337 890 1402 Christus.

70 1431 160 1518 Exigis
170 1448 202 1496 ut
214 1435 337 1496 veniam
350 1437 449 1496 varios
462 1455 600 1497 recreare
614 1434 734 1495 labores
745 1478 754 1510 ,

72 1527 106 1588 Et
116 1531 218 1592 sudata
232 1531 292 1590 tuis
305 1541 338 1590 ut
350 1530 444 1592 solers
455 1531 536 1591 bella
548 1529 727 1610 triumphis,

71 1620 176 1684 Debita
187 1624 308 1684 militiae
321 1626 391 1686 dare
403 1638 525 1708 oportet
538 1644 665 1685 munera
678 1645 780 1707 regem
794 1647 802 1684 ε

71 1714 273 1780 Descensurus
284 1719 366 1779 enim
380 1721 417 1779 ad
428 1732 523 1780 terras
535 1720 594 1780 huc
605 1718 702 1802 dirigo
715 1739 869 1802 gressum,

72 1808 112 1870 Ut
123 1826 172 1872 tua
185 1811 324 1875 sollicitis
339 1815 527 1894 requiescant
540 1826 665 1894 pectora
678 1814 769 1873 curis:

74 1902 126 1966 His
138 1927 223 1969 sacer
241 1907 408 1989 intrepidus
421 1908 529 1969 nolens
544 1926 687 1988 responsa
700 1907 830 1980 referre,

74 1996 200 2082 Dispicit
212 2014 244 2062 et
257 2002 382 2077 reticet,
396 2015 520 2076 tractat,
536 2023 634 2082 neque,
646 2002 736 2061 verba
748 2001 874 2073 relaxat,

75 2090 157 2154 Mens
172 2095 302 2157 solidata
315 2117 458 2172 manens,
478 2097 593 2156 rimans
606 2083 665 2155 aita
676 2109 765 2175 atque
775 2094 943 2175 profunda,

77 2183 203 2250 Cardine
217 2210 274 2252 nec
287 2189 438 2267 tremulo,
451 2205 542 2252 rento
555 2212 652 2270 neque
663 2188 754 2250 flante
768 2202 901 2266 rotatur,

76 2277 218 2346 lubricus
231 2283 302 2346 hinc
313 2285 423 2365 repetit
436 2285 590 2347 mordacia
602 2285 689 2345 sibila
701 2303 834 2364 serpeus.

80 2373 206 2441 Credere
220 2379 293 2460 quid
304 2378 422 2440 dubitas
433 2380 562 2462 proprio
576 2381 658 2460 quod
670 2379 784 2440 lumine
798 2397 917 2438 cernas:

79 2468 120 2532 En
131 2493 187 2559 ego
202 2495 269 2535 sum
283 2473 420 2536 Christus
429 2488 530 2537 tecum
544 2476 596 2555 qui
609 2492 738 2537 consero
751 2492 854 2548 voces,

80 2563 113 2628 Et
122 2569 236 2649 loquor
248 2570 311 2632 haec
324 2582 436 2631 secreta
449 2569 551 2651 palam
565 2569 716 2652 dignando
727 2567 833 2626 futura.

80 2658 145 2723 Neu
157 2664 197 2724 de
209 2685 259 2724 me
271 2665 421 2746 trepides,
437 2665 519 2726 testis
531 2665 608 2726 mihi
620 2661 731 2747 fulgida
743 2662 793 2722 lux
809 2675 869 2738 est,

82 2750 226 2836 SpirituS‚
244 2771 277 2819 ut
289 2779 377 2820 verax
390 2756 517 2818 Martini
530 2758 634 2843 ignivit
649 2777 794 2833 acumen,

83 2847 122 2912 dc
131 2853 274 2932 patefecit
284 2853 357 2928 iter,
375 2873 414 2913 ne
431 2853 528 2914 clausa
539 2872 656 2914 venena
669 2851 815 2926 laterent,

84 2938 186 3006 Hostis
200 2959 230 3007 et
242 2947 381 3030 anguinei
393 2947 488 3028 possit
500 2948 670 3008 discernere
681 2946 837 3021 fraudem,

84 3035 233 3102 libertate
246 3054 354 3122 potens
366 3042 475 3104 sanctis
486 3041 677 3104 sermonibus
691 3040 808 3120 iuquit:

86 3131 156 3196 Non
168 3134 209 3197 ita
221 3155 253 3198 se
269 3135 409 3198 dominus
419 3148 579 3198 venturum
594 3135 665 3196 dixit
679 3135 711 3196 in
723 3135 849 3208 orbem,
