2222 3844
166 358 226 412 nu
251 358 346 414 vrrs
375 359 406 414 s.
431 359 611 417 Maurum
633 363 764 421 uruuu
785 366 843 420 ur.
908 349 951 436 69

54 452 173 516 Iudicat
186 448 238 514 hie
251 450 389 535 Agnem,
405 450 550 530 Teelam,
565 454 758 538 Mariamque
771 457 921 536 locutam,

53 548 238 612 Sanctarum
249 567 404 629 exponens
416 547 514 609 vultus
524 548 720 633 habitumque
731 552 845 614 beatus.

52 641 132 724 Quae
145 642 261 716 facies,
275 640 375 718 oculi,
391 661 484 724 gena,
504 665 575 725 pes,
594 666 719 723 manus,
734 666 821 725 arca,
836 648 949 733 ligura,

50 736 188 798 Lumine
202 749 265 796 tam
278 756 357 816 puro
369 736 445 797 vidit
458 757 537 819 saepe
549 759 603 800 ora
617 761 777 802 sororum:

51 831 132 912 Quis
144 830 238 894 color
249 842 335 910 atque
345 830 452 906 decus,
467 854 534 912 quae
543 832 659 911 forma,
677 848 705 896 et
718 836 813 920 gratia
824 849 949 918 quanta,

46 925 89 986 Et
103 944 253 988 sermone
266 923 332 1004 pari
346 924 497 1005 placidam
508 927 615 990 dixisse
628 928 775 1008 salutern,

47 1021 115 1084 llic
127 1019 209 1103 petit
221 1019 260 1079 ad
273 1020 379 1080 fratres
389 1064 399 1095 ,
410 1019 468 1082 illae
482 1021 598 1103 petiere
611 1043 741 1086 sorores.

48 1114 114 1179 Sed
129 1113 213 1176 redit
228 1113 284 1175 iste
295 1115 406 1196 gradu,
421 1114 480 1176 illae
493 1137 566 1177 narn
579 1119 697 1180 rediere
713 1119 823 1182 volatu.

48 1207 189 1273 Culmeu
206 1208 427 1292 apostolicum,
442 1210 536 1273 celsas
549 1213 710 1275 ethonore
724 1214 897 1290 columnas,

48 1303 140 1387 Saepe
157 1302 286 1365 Petrum
300 1304 411 1364 meruit
425 1301 613 1386 Paulumque
627 1307 731 1369 videre
744 1307 892 1386 licenter,

44 1397 251 1461 Daemonicas
263 1398 356 1460 etiam
368 1398 499 1462 tolerans
512 1401 678 1482 saepissime
691 1422 821 1486 pugnas,

44 1493 191 1556 Nomine
206 1509 357 1574 quemque
371 1513 425 1554 suo
439 1487 623 1578 increpitans
636 1497 761 1580 cogebat
772 1496 872 1576 abire,

48 1587 188 1650 Maxime
201 1585 393 1649 Mercurium
405 1587 548 1650 infestum
561 1590 712 1652 referebat
725 1592 847 1653 adesse:

49 1681 184 1745 Brutum
191 1681 347 1762 namqueJ
349 1703 438 1744 ovem
446 1684 622 1746 ethebetem
633 1685 944 1763 memorabatbaben',

50 1775 81 1839 Ο
96 1777 210 1840 sinceri
223 1775 304 1839 oculi
314 1821 323 1852 ,
335 1776 423 1838 'nulla
436 1776 562 1860 caligine
575 1779 685 1860 pressi!

50 1871 141 1934 Meus
155 1871 271 1932 radiata
285 1871 401 1953 sopho,
415 1872 549 1934 retinens
563 1873 628 1936 sine
642 1875 722 1936 nube
734 1895 892 1956 serenum,

51 1966 309 2050 luspici's·aeriam
324 1966 437 2028 carnali
450 1966 566 2028 lumine
579 1967 725 2048 Teclam,

48 2060 150 2141 Atque
166 2059 250 2121 vides
263 2059 383 2143 Agnem
396 2060 538 2121 redimita
551 2061 651 2124 fronte
666 2084 798 2142 corona,

13 2215 17 2222 ,
50 2153 163 2218 Cernis
175 2167 206 2216 et
219 2154 367 2237 egregiam
379 2153 513 2236 pretiosa
525 2154 591 2217 luce
607 2155 751 2218 Mariam.

47 2248 167 2310 Vidisti
178 2247 328 2330 templum
337 2248 455 2308 domiui
466 2248 635 2312 diademate
651 2252 778 2328 fultum,

49 2340 164 2403 Vidisti
178 2340 344 2402 thalamum
358 2342 462 2423 spousi
477 2363 568 2424 super
582 2345 687 2405 omnia
700 2343 838 2425 pulchri,

52 2435 271 2518 Compositum
284 2436 428 2519 gemmis,
445 2457 579 2518 auroque
593 2452 735 2519 ostroque
748 2440 908 2515 decorum,

52 2531 162 2612 Qualis
175 2530 267 2611 iaspis
282 2542 345 2591 erat
358 2531 487 2611 pedibus
500 2532 645 2614 laterique
657 2546 799 2616 topazus,

50 2623 116 2706 Qui
129 2623 232 2708 digitis
244 2623 325 2685 anuli
340 2624 428 2685 viridi
440 2624 555 2709 fulgore
567 2628 701 2690 venusti:

48 2719 167 2800 Quales
181 2717 307 2778 armillae
317 2719 426 2779 dextrae
439 2722 612 2783 ardescente
626 2721 808 2808 hyacintho,

51 2814 180 2894 Quanto
195 2831 270 2872 zona
284 2812 333 2873 die
348 2810 483 2893 lapidum
498 2816 632 2877 radiabat
644 2817 780 2893 honore,

53 2906 196 2994 Cycladis
209 2918 260 2965 aut
273 2905 368 2985 qualis
382 2903 539 2970 “cataclistis
551 2911 649 2971 ellora
661 2911 752 2988 rasis,

53 3002 131 3082 Quae
144 2998 226 3083 palla
240 3021 273 3060 ex
286 2999 419 3061 humeris
433 3002 526 3064 mixto
541 3005 740 3090 chrysopraso
752 3004 894 3090 beryllis,

54 3096 184 3176 Quodve
198 3092 312 3154 mouile
327 3095 436 3156 decens
448 3096 528 3158 collo
541 3100 680 3161 rutilabat
694 3101 728 3160 in
740 3100 804 3162 illo.

53 3187 172 3253 Forsan
187 3200 251 3252 erat
263 3187 359 3253 niveis
371 3191 572 3278 amethystina
583 3195 657 3260 vitta
672 3194 810 3278 capillis,
