2222 3852
252 319 493 374 POEMATUM
518 321 646 376 LIBER
667 323 738 378 vlt.
889 311 950 376 263

106 409 150 473 Et
162 409 277 474 clarum
288 412 438 473 haeredem
449 412 587 494 proxima
599 415 700 496 palma
713 430 824 480 manet.

64 505 108 568 Et
119 527 302 587 quaecuuque
315 527 383 568 suos
395 506 519 590 vigilans
532 509 725 571 meditabitur
737 524 833 591 aetus,

109 600 172 661 His
184 600 243 661 erit
256 602 374 683 egregio
387 601 594 681 participanda
605 605 706 686 gradu.

66 693 272 777 Concipiente
285 693 343 755 fide
360 692 472 755 Christi
485 693 676 779 Radegundis
689 719 811 775 amore,

109 788 237 851 Caesarii
249 787 357 848 lambit
369 787 469 870 regula
480 789 622 868 quiequid
635 791 734 854 habet.

68 880 165 965 Cujus
178 881 328 963 pontificis
338 879 495 943 refluentia
505 896 627 964 pectore
640 885 732 947 mella

109 974 256 1059 Colligit,
273 987 302 1035 et
315 975 395 1039 rivos
408 977 544 1037 insatiata
554 977 642 1038 bibit.

67 1069 160 1151 Quos
173 1071 245 1130 dum
259 1069 341 1131 fonte
354 1071 461 1147 trahit,
475 1082 591 1132 tantum
604 1071 667 1132 sitis
680 1072 779 1134 addita
792 1073 897 1138 crescit
903 1119 915 1152 ,

108 1164 153 1224 Et
167 1165 205 1225 (le
218 1184 287 1225 rore
300 1162 363 1226 Dei
375 1165 443 1246 plus
456 1165 621 1228 madefacta
634 1166 718 1228 calet.

68 1259 140 1321 Nee
151 1258 229 1334 sibi,
244 1259 296 1318 sed
308 1259 421 1321 cunctis
435 1258 614 1342 generaliter
626 1261 714 1322 unica
726 1261 843 1337 vivens,

111 1353 199 1414 Felix
211 1365 362 1436 angustam
375 1354 479 1434 pandit
490 1355 527 1414 ad
541 1366 618 1414 astra
629 1353 720 1414 viam.

72 1445 135 1510 Sed
144 1447 202 1508 tibi
214 1467 276 1528 prae
289 1446 412 1526 reliquis
424 1459 520 1507 mater
532 1449 582 1529 pia
596 1447 694 1510 carior
705 1447 833 1524 instans,

112 1539 209 1624 Eligit
221 1540 336 1602 excelso
349 1542 521 1602 consociare
535 1541 638 1604 choro.

71 1635 135 1697 Res
146 1634 256 1717 probat
269 1634 333 1715 ipsa
347 1648 465 1711 tamen,
480 1635 624 1714 quoniam
638 1656 703 1714 quae
716 1633 777 1694 filia
789 1645 923 1713 constas,

112 1727 161 1790 Te
177 1739 302 1788 matrem
316 1729 393 1790 votis
406 1739 489 1810 optat
500 1729 610 1790 babere
623 1749 717 1790 suam.

70 1821 238 1904 Quamque
251 1821 311 1883 suis
323 1823 446 1905 genibus
457 1842 558 1885 earam
569 1823 693 1884 nutrivit
705 1823 857 1886 alumnam
862 1866 875 1901 ,

115 1915 246 1979 Praeficit
258 1937 327 1979 eece
341 1937 394 1978 suo
408 1917 614 1979 constituenda
626 1916 704 1980 loco.

73 2010 116 2074 Et
128 2031 193 2093 qnae
205 2023 235 2071 te
249 2030 370 2092 semper
381 2010 482 2072 baculi
494 2011 703 2072 moderamine
716 2010 805 2085 rexit,

117 2102 264 2185 Prompta
275 2105 330 2165 sub
343 2104 473 2186 imperio
486 2103 550 2168 vult
561 2104 653 2186 magis
666 2124 728 2165 esse
742 2117 804 2164 tuo.

74 2197 202 2259 Proficit
215 2197 266 2257 illa
280 2198 355 2274 sibi,
368 2219 436 2260 cum
448 2210 480 2258 tu
491 2199 677 2279 praeponeris
688 2196 752 2272 illi,

115 2290 174 2352 llla
186 2292 265 2353 subit
276 2304 346 2354 voto
361 2305 389 2353 te
402 2293 537 2372 potiente
550 2293 651 2375 gradu.
701 2335 703 2338 -

75 2385 157 2448 Eece
171 2384 253 2446 diem
264 2385 373 2446 festum
386 2386 507 2446 tandem
520 2386 630 2466 pietate
644 2383 809 2458 Tonantis,

119 2478 225 2559 Quem
237 2479 376 2561 precibus
386 2479 520 2563 genetrix
530 2499 607 2561 saepe
619 2478 756 2561 rogabat,
767 2475 866 2538 babet.

77 2572 174 2657 Cujus
184 2573 332 2654 respirant
341 2571 432 2636 tacito
444 2573 609 2659 praecordia
621 2571 725 2652 pulsu,

118 2667 324 2754 Angustosque
336 2667 453 2727 animos
465 2666 570 2749 gaudia
581 2665 660 2748 larga
672 2664 799 2746 replent.

76 2759 240 2842 Expectata
252 2761 342 2822 nimis
355 2759 457 2824 oculos
468 2762 505 2819 ad
516 2773 654 2841 tempora
670 2759 812 2835 tendens,

121 2851 245 2915 Semine
256 2854 363 2916 laetitiae
376 2856 455 2915 dona
467 2873 595 2936 superna
608 2853 702 2914 metit.

79 2944 178 3101 Othat
189 2948 285 3102 aldhue
296 2948 420 3104 szzplex
431 2969 524 3009 unum
535 2948 625 3102 qood1
630 2958 718 3102 restrpt
730 2946 873 3022 honoris,

80 3056 299 3216 Qualitbraberitl
309 3057 853 3220 caplbsStlaboolsbllzbidelbroigentis,
