2222 3852
302 317 547 375 rosnarum
570 323 703 375 ursus
725 325 778 379 vr.
917 313 980 378 ι33Χ

92 412 261 496 Pampinus
273 425 304 476 et
316 411 423 474 fluvius
435 412 553 474 medios
566 413 619 475 ubi
632 413 749 499 mitigat
761 431 867 496 estus,

72 547 93 606 ἱ.ι
132 507 258 570 Vilibus
269 506 378 568 umbra
388 506 504 590 rigens,
518 504 656 570 {luctibus
671 511 748 570 unda
761 524 874 576 recens.

92 602 154 664 Aut
162 600 253 662 Mosa
262 599 349 662 dulce
357 619 467 660 sonam
475 620 535 681 quo
543 616 730 685 gorsganta,
741 623 839 683 auser,
850 607 978 688 olorque

133 694 272 776 Triplice
285 713 385 756 roerce
396 693 494 768 seru,
506 693 595 770 alite,
610 696 709 776 pisce,
726 712 799 760 rate.

94 789 142 850 An
154 801 238 849 tenet
248 787 384 849 herbosis
394 809 452 868 qua
465 789 610 872 frangitur
623 788 728 853 Axona
741 793 832 874 ripis,

135 881 233 963 Cujus
246 881 364 942 aluntur
375 882 460 960 aquis
471 901 599 963 pascua,
613 897 718 964 prata,
731 905 822 970 seges.

91 975 220 1050 Eser-as,
232 974 395 1048 Aracares,
411 972 545 1050 Scaldis,
560 974 648 1052 Sate,
665 975 815 1056 Somena,
831 979 928 1057 Sura,

134 1069 201 1131 Seu
213 1068 265 1148 qui
276 1065 381 1128 Mettis
394 1067 456 1128 adit
469 1070 507 1128 de
519 1069 579 1128 sale
592 1085 705 1132 nomen
718 1073 840 1136 habens.

96 1164 156 1225 Aut
165 1161 266 1223 aestiva
276 1160 368 1243 magis
381 1180 543 1222 nemorum
556 1161 704 1242 saltusque
716 1186 896 1246 pererrans,

136 1255 289 1336 Cuspide,
304 1267 366 1315 rete
380 1253 457 1314 ieras
470 1255 541 1318 hinc
552 1256 652 1338 capit,
666 1257 737 1320 inde
747 1273 843 1322 necat.

95 1351 259 1425 Ardeuna,
274 1368 312 1409 au
325 1346 482 1431 Vosegus,
496 1350 596 1426 cervi,
609 1370 724 1432 caprae,
740 1350 857 1418 Helicis
871 1356 949 1431 ursi,

138 1441 231 1506 Caede
244 1440 403 1525 sagittifera
416 1442 497 1526 sylva
510 1443 627 1526 fragore
640 1456 733 1506 tonat.

98 1536 159 1599 Seu
170 1536 261 1599 validi
274 1535 367 1597 bufali
379 1536 448 1597 ierit
461 1536 540 1597 inter
553 1555 666 1599 cornua
678 1559 821 1620 campum
835 1585 844 1616 ,

136 1630 207 1704 Nec
218 1643 348 1691 mortem
362 1630 463 1690 diliert
473 1651 573 1707 ursus,
589 1651 717 1715 onager,
732 1652 815 1715 aper.

93 1725 144 1786 Au
158 1744 210 1785 sua
221 1744 290 1783 rura
303 1722 404 1785 colens
417 1735 516 1784 exusta
528 1723 646 1785 novalia
657 1725 769 1802 sulcat,

137 1818 180 1878 Et
193 1818 268 1878 rude
282 1819 391 1880 cervici
403 1831 503 1878 taurus
516 1830 614 1878 aratra
625 1819 727 1902 gemit.

97 1910 170 1973 Sive
184 1910 321 1972 Palatina
334 1912 444 1972 residet
458 1912 551 1972 modo
564 1911 648 1972 laetus
663 1912 694 1972 iu
707 1911 792 1988 aula,

141 2003 203 2067 Cui
214 2003 316 2066 schola
327 2005 523 2088 congrediens
536 2004 652 2085 plaudit
662 2025 767 2066 amore
781 2027 897 2087 sequax.

98 2098 148 2160 Au
160 2118 231 2160 curu
244 2097 330 2160 dulce
343 2096 431 2179 Lupo
446 2097 565 2179 pietatis
577 2100 642 2179 jura
654 2111 809 2175 retractat,

142 2191 342 2271 Consilioque
356 2191 423 2273 pari
438 2192 522 2251 mitia
535 2191 615 2252 bella
628 2205 738 2254 creant.

100 2285 175 2368 Quo
190 2299 326 2367 pascatur
339 2287 446 2368 inops,
458 2286 556 2347 viduae
567 2285 670 2347 solatia
683 2297 842 2368 praestent,

140 2379 256 2440 Parvus
268 2393 418 2454 tutorem,
434 2392 530 2440 sumat
542 2400 652 2462 egenus
666 2399 771 2461 opem.

102 2472 258 2554 Quicquid
271 2486 360 2555 agrut
372 2473 504 2554 pariter,
518 2472 617 2534 felicia
630 2485 697 2532 vota
710 2472 891 2548 secundent,

141 2566 184 2628 Et
195 2567 312 2628 valeant
327 2564 440 2628 Christi
451 2567 527 2649 regis
539 2587 643 2627 amore
655 2567 710 2627 sui.
814 2561 816 2568 ‘

100 2659 168 2730 ,Vos
182 2681 291 2742 precor
302 2703 314 2734 ,
324 2680 345 2720 o
357 2660 455 2735 venti,
471 2660 521 2739 qui
534 2660 652 2722 curritis
665 2672 753 2740 atque
763 2658 884 2734 reditis,

144 2753 209 2815 Pro
223 2752 391 2815 Fortunato
405 2755 510 2814 nuntia
524 2754 599 2814 lerte
612 2773 675 2815 suo.

169 2905 921 2960 v.DE1301)E.GtsLODumnissum.

104 3017 263 3100 Peurouu
273 3040 298 3100 si
314 3037 408 3100 sterili
421 3057 501 3098 nunc
513 3033 637 3096 flumina
649 3036 728 3120 larga
740 3036 885 3119 rigarem,

145 3131 222 3196 Nou
232 3148 261 3195 te
274 3133 514 3207 suificerensduc
526 3128 688 3216 Bodegisle
701 3130 796 3213 loqui.

846 3240 895 3283 20.
