2222 3844
147 245 188 309 56
398 257 430 310 V·
457 257 493 310 H·
517 256 779 311 Fouendum

142 351 294 416 Processit
303 363 367 412 tum
381 370 516 411 summus
527 349 645 426 bonor,
661 350 713 411 sed
727 368 845 430 pauper
857 350 972 414 amictu

141 448 313 530 Despectus
326 444 427 508 tunica
441 443 554 507 coelesti
568 445 683 507 insede
697 456 828 506 senator.

144 541 266 605 Interea
279 538 402 622 populis
415 540 590 604 ceremonia
603 552 704 602 sancta
715 551 896 616 retractans,

147 635 230 700 Cum
244 636 419 698 holocausta
430 655 520 699 sacree
531 634 672 696 manibus
682 633 877 697 benediceret
888 653 966 714 arae,

145 729 290 793 Protinus
300 749 317 790 a
328 729 427 810 capite
438 729 562 792 emicuit
572 729 679 812 globus
691 728 767 812 ignis
778 728 870 792 amici

144 823 299 886 Lambeus
313 822 408 899 colla,
425 844 543 900 comas,
558 836 588 885 et
601 822 725 885 flamma
736 823 866 908 benigna
876 822 1004 886 volabat

146 917 245 982 Tactu
254 918 372 994 mollis,
382 918 501 980 bonore
514 931 639 1001 potens,
654 918 816 1001 splendore
828 938 993 980 coruscans
1006 963 1017 995 ‚

149 1011 1053 1096 Crinemomaus,meritumprodens,protegminesulgens,

148 1105 283 1169 Praebuit
294 1107 494 1186 obsequium,
507 1107 607 1168 minus
620 1106 816 1188 impendente
831 1106 996 1186 ministro,

150 1201 245 1264 Gesta
256 1201 375 1266 occulta
387 1201 476 1264 index
489 1201 522 1263 iu
530 1201 631 1265 iucem
642 1201 758 1263 iumine
772 1202 909 1264 mittens:

151 1293 183 1358 Ο
200 1296 283 1358 dives
295 1316 431 1379 pauper,
446 1296 548 1360 tunica
561 1309 702 1360 contente
715 1317 773 1360 nec
783 1315 860 1374 una,

152 1389 218 1472 Qui
229 1412 286 1455 nec
298 1391 391 1454 habes
402 1391 494 1452 aliam
505 1435 514 1469 ‚
526 1413 625 1471 neque
634 1390 679 1454 ris
691 1391 823 1452 retinere
835 1390 883 1453 rel
894 1390 1018 1474 ipsam,

150 1484 238 1547 Dum
247 1506 402 1567 superesse
415 1498 501 1568 putas
513 1486 654 1548 vestitum
666 1485 814 1568 simplicis
822 1505 910 1562 usus,

154 1575 215 1642 Cui
227 1579 324 1663 gravis
334 1592 379 1640 est
390 1579 439 1641 vel
452 1578 534 1660 palla
546 1578 639 1655 levis,
656 1581 728 1640 dum
740 1578 849 1642 elamat
861 1599 972 1663 egenus

152 1670 303 1757 Tegmine
314 1692 372 1755 pro
386 1673 460 1733 nudi
474 1672 600 1754 cupiens
615 1675 782 1755 procedere
795 1676 902 1736 nudus.

153 1765 223 1830 Nec
234 1767 356 1848 partiris
369 1787 480 1847 opem,
496 1767 549 1828 sed
561 1779 659 1829 totum
673 1768 754 1830 cedis
767 1769 886 1852 egenti,

158 1859 238 1925 Heec
250 1874 299 1923 tna
311 1861 375 1923 sola
388 1874 496 1942 putans
508 1861 621 1944 petitus
634 1862 659 1923 si
672 1862 755 1923 nulla
767 1881 924 1945 negasses,

153 1952 202 2015 Ut
212 1957 306 2039 magis
322 1975 400 2017 esses
414 1955 504 2039 inops
518 1956 605 2038 inopi
619 1957 691 2017 dnm
706 1970 813 2019 cuncta
825 1957 971 2031 dedisses,

157 2046 228 2112 Nec
241 2050 369 2131 puduit,
384 2052 554 2114 verecunde
568 2063 673 2132 pater,
685 2050 750 2112 sine
763 2063 845 2114 veste
856 2053 1029 2115 sedentem.

158 2141 222 2204 Sed
235 2143 312 2203 nihil
326 2144 446 2205 erubuit
459 2145 555 2228 pietas
568 2144 706 2226 impensa
717 2144 831 2222 fidelis,

156 2234 226 2300 Nec
239 2236 402 2299 minimam
414 2239 548 2301 retinens
557 2237 648 2300 suerit
661 2259 722 2318 quo
737 2241 836 2323 major
843 2240 965 2302 bonore

156 2329 214 2393 Est
225 2332 302 2392 mihi
314 2332 392 2394 velle
405 2333 490 2414 loqui
503 2333 640 2417 speciosa
653 2334 773 2416 negotia
783 2335 876 2412 nudi,

158 2421 221 2487 Sed
234 2427 356 2509 rapiunt
369 2428 492 2490 avidum
503 2426 688 2507 reliquemm
700 2427 830 2511 iusignia
842 2448 956 2490 rerum.

154 2519 242 2581 Dum
252 2522 411 2584 recubaret
421 2522 515 2583 humo
528 2520 648 2582 fluitans
662 2519 809 2583 Evantius
819 2566 828 2599 ,
840 2542 938 2606 aeger,

157 2613 283 2691 Fessus,
299 2627 329 2676 et
343 2629 492 2677 extremus
505 2637 575 2679 cum
588 2618 651 2699 jam
662 2636 755 2700 super
766 2616 875 2678 halitus
889 2616 966 2693 iret,

157 2706 342 2771 Pontificem
354 2710 497 2792 precibus
508 2711 711 2774 celerevocat
721 2725 754 2772 ut
765 2723 964 2793 properaret,

158 2801 201 2863 Et
212 2803 261 2866 ria
273 2815 371 2886 coepta
383 2805 459 2868 sacri
471 2805 557 2867 fieret
569 2805 628 2867 sibi
641 2805 702 2867 vite
713 2805 840 2868 reducti.

160 2896 231 2959 Nec
242 2910 397 2960 cunctatus
411 2899 468 2961 iter
480 2897 632 2962 Martinus
645 2900 728 2962 adire
740 2899 847 2961 viator.

162 2991 225 3052 Vix
235 2992 338 3054 medio
352 2994 451 3077 spatio
463 3015 603 3058 emensus
614 2995 768 3079 gradiente
781 3005 921 3072 senecta,

162 3085 243 3154 Ante
256 3086 359 3156 salutis
371 3109 465 3175 opem
478 3090 561 3155 misit
574 3108 666 3171 quem
678 3087 758 3157 risus
767 3088 903 3166 adesset,
