2218 3862
250 333 490 406 Pomorum
510 333 638 390 LIBER
654 337 744 390 t111.
877 351 933 414 291

97 437 173 498 Una
185 456 220 498 ex
232 435 331 497 Adam
344 448 388 497 est
401 457 501 513 mors,
518 434 655 498 Christus
667 449 695 496 et
705 456 763 496 una
772 437 863 498 salus.

55 530 187 592 Diversa
201 544 244 592 est
258 551 389 605 merces,
406 529 494 590 funus
506 542 607 591 tamen
621 530 761 591 omnibus
773 553 881 593 uuum:

100 624 249 698 Infantes,
263 625 403 705 juvenes,
421 623 464 684 sic
478 623 578 684 abiere
591 643 685 684 senes.

54 716 140 802 Ergo
149 717 222 798 quid
231 717 282 779 hic
294 717 436 792 iacimus,
451 738 532 779 nunc
542 731 572 776 te
586 737 658 800 rogo
672 717 749 780 celsa
761 729 909 798 potestas,

102 809 183 872 Cum
194 809 271 871 nihil
282 810 382 871 auxilii
396 831 553 891 possumus
565 831 627 872 esse
641 811 695 870 rei.

56 903 234 979 Ploramus,
248 904 412 986 gemimus,
425 906 477 964 sed
489 925 546 966 nec
558 906 700 985 prodesse
713 904 862 981 valemus,

100 997 211 1061 Luctus
224 999 306 1058 adest
319 996 433 1071 oculis,
447 1011 492 1058 cst
505 1018 602 1077 neque
616 997 726 1059 fructus
739 999 815 1079 opis.

56 1091 185 1156 Viscera
196 1103 388 1171 torquentur,
405 1090 574 1152 lacerantur
586 1092 676 1154 corda
688 1093 834 1168 tumultu,

101 1185 178 1248 Sunt
189 1186 250 1248 cari
262 1184 397 1262 extincti,
410 1184 512 1246 {leudo
526 1187 633 1248 cadunt
644 1185 733 1248 oculi.

57 1280 140 1344 Ecce
151 1292 273 1342 vocatur
284 1299 500 1364 amor,¹neque
512 1281 574 1361 jorn
585 1292 740 1341 revocatur
751 1291 884 1355 amator,

100 1375 170 1436 Nos
182 1393 279 1454 neque
291 1376 353 1454 jam
364 1374 490 1454 repetit,
504 1395 594 1453 quem
607 1386 692 1455 petra
704 1393 802 1434 mersa
811 1373 892 1456 tegit.

60 1467 209 1552 Quamvis
222 1466 400 1528 clamantem
412 1468 521 1550 refugit
530 1487 613 1528 mors
624 1468 730 1543 surda,
742 1487 799 1528 uec
809 1467 908 1543 audit,

99 1561 171 1624 Ner
181 1561 251 1621 sinit
263 1560 405 1624 allectum
418 1562 491 1622 dora
503 1562 602 1622 redire
615 1561 710 1644 pium.

60 1655 122 1718 set
132 1655 206 1716 nolo
218 1669 306 1736 atque
319 1654 408 1730 volo,
420 1655 556 1738 migrabo
569 1676 639 1717 cum
650 1656 790 1716 omnibus
804 1655 892 1732 illuc,

98 1749 216 1811 Ibimus
227 1749 299 1810 binc
309 1767 434 1822 omues,
448 1768 539 1810 nemo
553 1769 610 1810 uec
622 1749 692 1809 inde
706 1750 792 1811 redit.

56 1842 170 1906 Donec
181 1843 213 1904 iu
226 1844 353 1905 adventu
366 1841 482 1903 domini
493 1861 563 1912 caro
575 1856 694 1904 mortua
706 1845 799 1918 vivat,

100 1935 208 2020 Surgat
217 1948 249 1996 ut
260 1956 296 1996 ex
306 1935 434 2016 proprio
446 1935 569 2016 pulvere
581 1957 680 1998 rursus
688 1938 792 2000 homo.

59 2029 197 2112 Coeperit
209 2043 241 2090 ut
252 2042 350 2112 tegere
363 2040 481 2090 arentes
493 2030 567 2092 cutis
579 2032 638 2091 uda
650 2031 779 2107 favillas,

97 2122 142 2183 Et
151 2122 211 2184 viri
225 2122 339 2184 cineres
351 2122 388 2182 de
400 2122 523 2183 tumulis
535 2123 649 2185 salient.

56 2215 174 2277 Ibimus
186 2234 256 2298 ergo
270 2234 393 2290 omnes,
406 2213 464 2274 alia
476 2216 598 2296 regione
611 2216 746 2291 locandi,

98 2306 216 2368 Ibimus
228 2309 266 2368 ad
279 2308 407 2389 patriam
420 2328 494 2387 quos
507 2310 664 2393 peregrina
676 2321 788 2372 tenent.

57 2398 112 2462 Ne
122 2401 255 2463 cruciere
268 2401 357 2484 igitur
367 2401 420 2481 pie
432 2422 499 2476 rex,
512 2401 671 2464 lenissime
682 2403 839 2483 princeps,

99 2491 196 2571 Quod
206 2494 297 2576 geniti
311 2506 455 2576 pergunt,
470 2516 530 2574 quo
542 2497 618 2576 petit
629 2496 727 2558 omnis
740 2496 842 2557 homo.
942 2559 944 2564 ,

58 2585 161 2667 Quale
174 2586 273 2669 placet
284 2587 374 2671 figulo
388 2607 438 2648 ras
450 2588 556 2662 fictile,
572 2589 629 2650 tale
643 2587 780 2670 paratur,

100 2677 234 2760 Quando
247 2680 345 2763 placet
356 2681 445 2765 ligulo
458 2703 526 2743 vasa
538 2683 634 2744 soluta
646 2696 744 2745 ruunt.

56 2771 154 2856 ¹Quod
166 2774 249 2854 jubet
262 2775 455 2856 omnipotens
467 2797 529 2837 nou
546 2798 703 2858 possumus
717 2799 779 2840 esse
793 2777 935 2853 rebelles,

99 2866 196 2952 Cujus
209 2869 246 2929 ad
258 2870 399 2932 intuitum
412 2871 526 2946 sidera,
541 2884 621 2933 terra
631 2886 773 2934 tremunt.

56 2959 127 3042 lpse
140 2977 221 3025 creat
232 2964 407 3041 bominem,
422 2965 493 3045 quid
507 2965 606 3028 dicere
618 2966 794 3050 possumus?
806 2964 892 3024 idem.

101 3053 167 3136 Qui
179 3057 261 3119 (ledit
273 3071 303 3120 et
316 3059 439 3141 recipit,
455 3061 582 3122 crimina
595 3061 678 3122 nulla
694 3060 779 3143 gerit.

58 3145 142 3210 lllius
155 3169 225 3214 ecce
239 3172 340 3215 sumus
352 3152 542 3238 figmentum,
556 3167 587 3218 et
599 3155 720 3237 spiritus
733 3152 803 3214 iude
813 3163 874 3227 cst,
