2222 3844
293 292 350 342 DE
382 293 519 345 PAR'l'U
548 291 757 346 VttthNtS.
929 303 963 339 11

20 455 21 458 Ἴ
89 382 268 466 dEthiopes,
283 381 433 460 Thraces,
445 383 573 458 Arabes,
586 381 705 460 Dacus,
721 383 832 460 ludus,
842 384 967 466 Alanus,

125 480 247 539 Aurora
261 491 291 537 et
302 477 441 558 Vesper,
457 474 570 554 Persa,
586 477 751 539 Britannus
764 479 864 552 adest3

88 575 234 634 lntrantes
245 573 277 632 in
290 592 381 656 regna
394 571 458 632 Dei
468 573 579 653 pietate
592 573 760 654 redempti,

128 667 248 730 Gaudia
260 667 352 728 visuri
366 667 443 748 regis
456 667 490 726 in
503 687 570 729 arce
584 667 648 750 poli
663 692 671 728 ε

89 761 177 841 Quos
190 761 299 841 recipit
311 779 393 821 sacra
407 774 495 842 porta
510 760 611 837 Petri,
627 781 701 841 quos
711 763 799 844 janua
815 761 917 842 Pauli,

127 854 227 916 Postis
238 857 275 914 ad
288 854 417 915 Andreae
430 855 525 916 lirnen
538 854 651 917 Achaia
663 868 744 937 patet
755 878 762 927 3

87 948 238 1009 Mattheus
252 945 435 1036 Aithiopes,
451 948 620 1029 Ephesinos
633 949 716 1011 valva
728 949 751 1008 J
753 951 878 1027 oannis,

128 1042 171 1102 Et
183 1063 275 1122 quem
289 1042 421 1122 quisquis
435 1055 532 1119 amat,
547 1044 626 1106 hunc
638 1065 690 1105 sua
703 1059 790 1126 porta
803 1060 901 1129 rogan

88 1136 213 1197 Horum
224 1147 291 1194 ante
305 1137 465 1197 adventum
478 1150 507 1198 te
521 1138 648 1216 qualiter
662 1153 750 1199 ornat
763 1153 897 1216 amator,

128 1231 267 1294 Portavit
286 1254 376 1312 quem
387 1247 487 1294 uterus
500 1234 584 1315 virgo
597 1233 685 1293 beata
697 1235 786 1293 tuus?

87 1327 175 1388 Dans
186 1330 243 1388 tihi
258 1329 337 1410 larga
350 1327 430 1407 poli,
446 1328 494 1387 eui
506 1340 540 1386 tu
550 1327 660 1385 domus
673 1339 754 1388 arcta
768 1326 869 1402 fuisti,

127 1421 255 1483 Ventris
268 1442 324 1504 pro
336 1419 468 1500 hospitio
480 1420 664 1479 restituendo
676 1419 819 1479 thronum
831 1443 840 1477 e

90 1514 317 1598 Componendo
331 1527 420 1594 caput
432 1514 556 1573 niveum
569 1512 737 1573 diademate
750 1511 848 1590 sulvo,

128 1608 171 1669 Et
183 1609 306 1692 gemino
317 1606 440 1667 rutilam
453 1607 548 1669 cornit
560 1607 677 1666 honore
692 1626 829 1682 comam,

87 1702 262 1764 Annectens
274 1701 363 1762 niveo
377 1701 514 1782 preciosa
528 1700 656 1760 monilia
669 1700 769 1776 collo,

132 1795 264 1879 Fulgore
278 1808 307 1856 et
318 1794 401 1856 vario
416 1806 539 1875 pectora
552 1814 627 1876 pura
640 1806 757 1878 tegens3

90 1886 197 1969 Quam
210 1889 380 1971 speciosum
392 1887 527 1948 humeris
538 1888 670 1968 imponit
682 1887 807 1949 honoris
814 1889 973 1966 amictum,

133 1981 304 2064 Splendore
318 1983 475 2043 ardescens
489 2001 622 2063 purpura
634 1982 727 2044 tincta
739 1982 831 2042 nitet!

91 2074 124 2136 Ο
141 2076 257 2154 quoties
270 2087 389 2137 coctum
400 2093 484 2135 zonae
496 2075 587 2135 micat
601 2094 672 2135 aura
684 2095 741 2157 per
753 2095 879 2151 aurum,

134 2167 253 2229 Pallida
263 2188 320 2230 nec
332 2167 420 2249 pallae
434 2181 478 2228 est
490 2168 611 2234 fimbria
624 2169 690 2229 luce
703 2168 819 2229 nitens!

94 2261 175 2340 Quis
187 2262 243 2323 tibi
257 2262 345 2344 digna
358 2273 461 2336 canat,
477 2275 622 2340 quantum
634 2262 724 2322 decus
737 2273 820 2322 exeat
833 2281 905 2338 ore,

136 2356 200 2417 Aut
214 2358 250 2417 de
263 2367 343 2417 veste
356 2355 398 2414 tui
412 2375 531 2438 gemma
545 2355 645 2416 virore
660 2355 772 2415 micet?

93 2449 230 2531 Quando
243 2462 332 2511 strata
343 2451 420 2530 jacet
431 2449 560 2530 pedihus
572 2447 708 2530 speciosa
720 2449 909 2531 smaragdus,

138 2544 271 2624 Quando
284 2543 463 2626 pavimentis
476 2541 544 2602 alba
556 2541 698 2623 tophazus
712 2541 807 2614 inest;

94 2638 235 2718 Quaeque
249 2637 351 2700 oculus
364 2657 426 2697 noo
441 2635 516 2697 vidit
529 2655 635 2718 agens,
649 2656 711 2696 non
725 2635 819 2696 audiit
832 2635 929 2711 auris,

139 2729 331 2808 Ornamenta
343 2731 400 2791 tihi
411 2731 474 2792 haec
487 2729 538 2812 pia
551 2731 634 2813 virgo
647 2730 744 2790 nitent
758 2753 765 2789 :

96 2824 182 2888 Cum
196 2825 279 2906 regio
291 2845 362 2909 ergo
376 2823 458 2905 poli,
468 2836 606 2902 totusque
620 2823 763 2884 exercitus
774 2824 845 2884 astri

138 2917 184 2978 Te
199 2931 336 2979 ornatarn
349 2917 505 2999 inspiciet,
522 2917 657 2979 laudibus
672 2937 726 2978 ora
739 2930 871 2980 movent.

95 3012 253 3093 Incipiens
266 3009 399 3074 llliehael
412 3011 563 3092 praeconia
577 3012 655 3072 ferre
667 3012 774 3086 beata,

141 3103 282 3188 Cumque
290 3106 351 3170 suis
363 3104 470 3197 turmis
481 3104 545 3168 haec
554 3104 610 3193 tihi
620 3104 703 3189 virgo
716 3103 817 3166 refert.
