2222 3844
147 371 190 448 64
411 385 446 437 V.
463 386 499 438 ll.
526 383 778 439 ronvtttvtut

147 478 241 562 Plaga
256 491 285 540 et
298 477 400 542 vicino
411 479 528 563 gravius
539 477 698 541 lacerasset
710 478 748 539 ab
760 479 841 557 ictn‚·

147 573 304 636 Stramina
315 573 358 637 sic
369 574 477 634 metuit
488 573 642 656 trepidans
655 573 864 636 adamantinus
876 573 997 658 bostis,

144 669 193 732 Ac
207 669 286 731 velut
299 691 334 730 ex
346 669 464 750 stipulis
477 681 621 748 coqueret
630 666 800 747 sellamma
814 670 947 749 camini,

143 764 205 825 Vir
219 765 299 826 stetit
311 764 472 827 incolumis
485 763 617 848 fugiente
633 763 797 826 volucriter
809 765 935 843 umbra,

142 857 268 921 Deserit
282 872 311 920 et
325 859 458 941 praedam
473 857 561 940 lupus
574 858 680 942 ingens
692 871 723 919 et
737 857 786 920 leo
795 860 946 922 frendens.
1003 913 1005 918 .

142 953 220 1016 Inde
236 954 397 1016 revertenti
411 951 611 1014 Trevirorum
625 973 661 1014 cx
671 954 747 1014 urbe
759 953 867 1032 beato,

143 1046 252 1111 Obvia
263 1049 341 1110 forte
354 1049 440 1110 datur
452 1048 556 1109 medio
570 1047 634 1109 fera
647 1047 756 1110 bucula
768 1068 897 1132 campo,

143 1142 249 1222 Quam
262 1143 396 1206 Daemon
410 1145 500 1204 dorso
514 1143 694 1204 incumbens
703 1143 832 1227 agitabat
843 1141 953 1208 anhelo

140 1236 297 1301 Pendulus
310 1239 393 1300 aerio
408 1238 545 1319 quatiens
557 1239 659 1322 auriga
671 1235 801 1321 flagello.

138 1333 351 1397 Pestiferarte
364 1355 441 1396 nova
455 1355 543 1397 cursu
557 1332 635 1394 bove
650 1353 762 1414 nempe
775 1333 894 1396 veredo

143 1425 308 1512 Cornigeri
321 1429 446 1510 pecudis
459 1425 624 1510 propulsor
637 1426 733 1488 mulio
747 1427 855 1505 tristis,

136 1521 312 1609 Exagitatur
326 1525 407 1585 iners
420 1522 554 1584 residens
567 1543 624 1603 per
636 1534 718 1606 terga
731 1522 889 1587 bubulcus

138 1618 205 1681 Hic
218 1619 271 1680 nbi
284 1618 470 1679 millimodas
483 1615 623 1676 animalis
636 1617 776 1700 adegerat
788 1616 869 1694 iras,

136 1712 207 1774 Ibat
221 1714 333 1794 ubique
347 1712 413 1773 fero
426 1711 588 1771 fiscibunda
604 1712 732 1793 juvenca
742 1713 904 1788 ministro,

138 1806 207 1870 Sub
220 1820 336 1868 tortore
349 1806 431 1890 gravi
445 1825 502 1888 per
515 1825 624 1882 curva,
637 1827 694 1887 per
707 1806 789 1868 invia
802 1825 931 1872 cursant.

135 1902 276 1965 Accessit
289 1902 416 1984 propius
430 1913 533 1962 sancto
549 1899 680 1962 furiatile
695 1921 810 1978 cornu,

137 1995 287 2076 Elataque
303 2016 395 2058 manu
409 1996 559 2077 pecudem
571 1994 735 2058 consistere
749 1997 890 2070 mandat;

137 2092 221 2172 -Quae
235 2093 316 2154 stetit
329 2093 416 2152 aslixo
429 2091 530 2152 minus
543 2091 687 2172 improba
699 2091 809 2154 bucula
822 2112 941 2176 gressu,

141 2187 247 2267 Quem
261 2208 345 2250 sacer
358 2189 519 2248 instantem
532 2206 602 2247 mox
614 2185 688 2246 vidit
701 2187 857 2262 cominus,
871 2187 971 2266 inquit
987 2213 999 2253 2

140 2281 238 2368 Perge
253 2283 353 2361 seror,
368 2282 436 2366 luge
449 2303 540 2358 saeve,
556 2281 622 2342 redi
635 2280 737 2358 male,
757 2283 830 2344 cede
844 2294 989 2360 cruente,
1038 2279 1043 2288 ’

140 2377 309 2441 Innocuam
323 2380 474 2460 pecudem
487 2375 594 2438 desiste
608 2377 721 2461 agitare
734 2378 853 2440 nocive.

140 2471 228 2536 'lune
241 2472 379 2534 animalis
393 2473 475 2532 enirn
487 2471 596 2550 linquit
610 2472 676 2533 fera
688 2472 790 2534 bellua
803 2485 938 2557 tergum,

139 2565 183 2629 Et
196 2568 305 2649 recipit
317 2567 478 2650 proprium
492 2566 769 2631 mitissimabucnla
780 2590 911 2630 sensum.
995 2639 997 2644 ,

141 2662 293 2724 Sternitur
306 2675 374 2723 ante
388 2662 481 2743 pedes
492 2663 586 2725 sancti
599 2678 777 2726 veneranter
790 2666 934 2741 adorans,

139 2757 240 2819 Fleuit
254 2757 361 2838 etipsa
374 2775 453 2839 genu
466 2777 532 2835 quae
545 2778 608 2818 non
622 2759 713 2821 babet
726 2758 933 2836 intellectum,

142 2850 260 2915 Contra
272 2849 409 2912 naturarn'
421 2851 593 2914 discernens
606 2867 686 2938 gesta
698 2856 795 2933 beati,

142 2945 395 3029 Obsequiumque
409 2947 509 3026 dedit,
525 2949 628 3013 meriti
641 2971 708 3029 quae
721 2951 818 3012 nescit
831 2950 1003 3011 honorem:

141 3041 218 3105 Inde
231 3041 325 3126 magis
337 3042 476 3118 humilis,
493 3041 564 3123 quia
577 3041 673 3106 libera
686 3044 766 3106 eolla
778 3045 901 3130 gerebat

140 3138 222 3202 Ante
234 3138 322 3223 ligata
334 3150 451 3199 tumens
464 3158 482 3199 a
495 3151 578 3219 peste
593 3139 689 3200 soluta
703 3138 832 3204 reclivis.

144 3232 224 3314 Quae
235 3233 315 3297 stetit
329 3254 383 3296 ore
394 3233 544 3312 fremens,
559 3233 668 3297 cecidit
680 3246 749 3318 post
759 3233 879 3299 vincula
892 3232 1037 3317 supplex,
