2222 3844
199 279 257 330 DE
280 279 383 332 vtTn
410 279 437 332 S.
461 279 644 334 MARTINI
667 277 795 334 LlBER
817 278 840 332 l.
924 284 962 349 19

76 370 198 434 Gallica
212 371 290 433 celsa
303 367 419 432 Phanis
432 369 579 453 fulgorem
594 370 723 430 extendit
736 371 774 431 ad
789 368 880 432 Indos
895 394 903 432 ι

77 465 142 545 Qui
154 485 231 546 puer
243 465 275 524 in
288 464 400 525 teneris
413 464 460 524 vix
474 465 705 546 pubescentibus
719 463 806 524 annis

75 557 202 642 Frigore
216 559 271 620 sub
284 558 384 642 gelido
398 570 490 620 terras
504 558 652 639 crispante
665 558 790 639 pruina,

79 653 159 718 Cum
173 655 268 716 undas
281 655 372 716 tristis
384 653 490 738 hyems
503 655 590 714 sreuo
603 653 725 736 glaciale
738 652 875 737 ligasset,

76 749 116 810 Et
130 770 203 834 vaga
215 751 338 812 llbertas
351 748 511 811 fluviorum
525 749 639 811 inclusa
651 747 757 808 lateret

75 844 242 927 Asperiore
254 844 322 928 gelu
334 847 371 906 de
383 866 414 908 se
427 845 486 906 sihi
497 843 615 907 vincula
628 855 769 918 nectens,

75 936 148 1000 Plus
161 959 239 1019 aqna
252 939 389 1022 frigidior
401 939 502 1002 tunica
511 938 615 1001 vestita
628 937 746 1021 rigoris.

77 1030 261 1096 Occurrenti
275 1034 363 1117 igitur
376 1048 472 1116 portae
485 1032 698 1093 Ambiaueusis
712 1049 827 1116 egeno,

77 1126 139 1207 Qui
153 1128 212 1188 sibi
227 1129 392 1205 restiterat,
406 1127 573 1213 chlamydis
582 1127 713 1208 partitur
723 1125 885 1200 amictum,

75 1219 115 1280 Et
128 1221 263 1283 fervente
276 1222 334 1283 fide
346 1223 492 1284 memhris
505 1221 672 1306 algentibus
685 1219 776 1280 olsert
790 1243 797 1278 ι

75 1312 212 1400 Frigoris
226 1316 280 1376 iste
289 1317 387 1397 capit,
402 1330 519 1399 partem
533 1317 615 1397 capit
628 1313 679 1374 ille
691 1311 826 1393 teporis;

75 1408 314 1490 interutrosque
328 1411 435 1493 inopes
448 1411 576 1492 partitur
590 1409 691 1470 fervor
703 1419 733 1468 et
745 1405 849 1488 algor,

74 1502 114 1564 Et
127 1524 207 1567 nova
220 1505 374 1565 mercandi
387 1505 420 1566 fit
432 1504 567 1566 nundina
579 1503 671 1586 frigus
684 1514 714 1564 et
727 1513 832 1576 aestus,

75 1595 206 1679 Unaque
220 1611 381 1680 paupertas
392 1599 462 1658 satis
473 1611 515 1658 est
529 1598 622 1659 divisa
636 1596 761 1676 duobus.

75 1689 143 1755 Hac
156 1713 189 1753 se
202 1704 283 1753 veste
296 1705 397 1752 tamen
410 1703 522 1754 tectum
536 1691 645 1752 obtulit
658 1691 722 1772 ipse
736 1700 872 1764 creator,

73 1783 261 1866 Martinique
274 1786 408 1870 chlamys
420 1785 490 1846 texit
505 1785 653 1847 velamine
669 1782 825 1844 Christum
839 1807 846 1843 ε

73 1878 167 1940 Nulla
183 1880 387 1964 Augustorum
400 1880 511 1942 meruit
523 1879 605 1942 hunc
616 1879 704 1941 vestis
715 1879 884 1947 honorem:

74 1971 183 2034 Militis
193 1974 262 2036 alha
272 1975 407 2058 chlamys
417 1974 485 2056 plus
497 1987 541 2037 est
554 1994 644 2054 quam
657 1992 792 2056 purpura
813 1970 899 2054 regis.

74 2064 179 2128 Prima
191 2069 255 2132 hoec
267 2069 411 2131 virtutum
421 2069 478 2130 tuit
492 2089 559 2130 arra
571 2081 601 2132 et
613 2068 720 2152 pignus
731 2065 853 2136 amoris.

131 2221 183 2272 DE
209 2220 392 2274 BAPTISMO
418 2221 465 2275 ΕΤ
493 2221 670 2276 HOSTlBUS
695 2218 897 2274 SUPERATIS.

74 2332 162 2420 Posr
175 2358 239 2420 sera
251 2359 406 2420 harbaries
418 2373 535 2441 peteret
548 2381 619 2424 enm
630 2359 736 2442 gallica
750 2358 892 2434 claustra,

73 2452 118 2516 Ae
131 2473 231 2535 prope
245 2450 438 2536 vangionum
452 2466 607 2536 premeret
619 2453 687 2515 loca
699 2452 829 2514 fervidus
841 2452 949 2530 hostis,

74 2548 193 2609 Militiae
206 2560 324 2611 sanctus
337 2562 442 2611 cuncta
455 2549 662 2611 emolumenta
672 2559 797 2611 recusat.

75 2641 135 2705 llic
148 2663 220 2705 cum
234 2663 373 2705 caesareas
386 2644 509 2705 fremuit
521 2643 662 2705 Julianus
675 2643 706 2703 iu
719 2643 776 2702 iras
787 2663 796 2714 ;

74 2735 207 2819 lmperat
221 2749 252 2796 ut
265 2736 396 2799 clausum
410 2751 509 2800 teneat
523 2739 657 2801 custodia
670 2740 800 2819 justum,

74 2832 117 2895 Ac
130 2832 271 2894 veniente
283 2832 331 2893 die
345 2833 463 2914 primus
478 2845 656 2915 properaret
669 2833 701 2894 in
713 2851 830 2914 agmen.

76 2922 146 3004 Quo
158 2937 260 2986 tamen
274 2939 340 2988 ante
354 2928 450 2990 aciem
462 2948 546 2990 sacer
557 2928 601 2988 ire
615 2927 722 2989 latetur
735 2924 869 2988 inermis.

17 3025 20 3032 ’
75 3017 207 3080 Venerat
220 3040 289 3104 ergo
303 3023 365 3084 dies
379 3022 470 3099 betti,
484 3043 592 3104 pacem
604 3021 714 3103 expetit
726 3019 839 3094 hostis,

76 3112 170 3196 Atque
186 3129 291 3182 orante
302 3138 363 3182 uuo
374 3118 482 3184 cecidit
494 3117 579 3182 luros
589 3113 855 3189 omnibusarmis,
