2222 3844
152 248 195 323 ll
229 233 233 244 ⁴
423 265 456 318 v.
483 265 517 317 u.
545 265 792 318 ronuuutrr

151 370 204 432 De
221 370 332 452 pietate
346 365 409 429 Dei
424 369 519 430 fidens
532 369 710 452 promittere
722 369 838 452 possim

152 463 200 526 Ut
213 465 268 526 tibi
281 478 343 524 tam
356 464 469 525 misero
482 463 621 525 misereri
637 461 925 543 Christushaberet,

151 561 195 623 Et
206 562 266 624 cito
281 562 406 621 donaret
420 559 563 622 scelerata
575 560 694 641 piacula
705 559 811 640 culpae.

153 655 207 718 Ob
221 657 281 718 hoc
295 676 363 719 arce
377 653 442 735 poli
459 655 611 715 descendit
624 655 662 714 ad
675 675 745 715 arva
758 655 935 735 redemptor

150 750 275 812 Perdita
285 763 318 810 ut
332 750 480 830 eriperet,
499 749 632 830 peritura
644 771 701 811 nec
714 750 778 830 ipsa
790 750 943 830 perirent3

150 845 368 908 immaculatus
381 845 463 905 enim
476 843 609 905 maculas
622 846 776 927 detergere
790 845 889 917 venit;

148 938 396 1018 Vulneribusque
410 939 470 1000 suis
483 951 601 1000 curaret
612 953 645 999 ut
657 937 759 1001 ulcera
770 940 876 1000 mundi
889 963 895 1000 :

150 1035 282 1098 Funeris
293 1035 369 1095 ordo
383 1033 429 1094 sui
445 1046 555 1094 nostrae
566 1034 623 1094 fuit
637 1041 705 1093 a'rra
718 1032 838 1110 salutis,

153 1129 265 1211 Sputa,
277 1127 409 1212 flagella,
422 1127 573 1211 chlamys,
589 1127 645 1203 sel,
661 1141 795 1203 acetum,
812 1128 931 1205 lancea,
947 1126 1042 1204 clavi,

150 1220 233 1284 Crux
249 1223 319 1305 pia,
341 1243 447 1298 mors,
470 1222 620 1300 tumulus,
642 1221 737 1304 lapis,
762 1222 893 1301 inferus,
914 1219 1042 1301 umbra,

318 1329 482 1402 tyrannm,

151 1409 243 1474 Victa
256 1410 348 1471 simul
359 1411 459 1471 triduo
472 1410 585 1492 premit
598 1423 627 1471 et
639 1410 718 1472 redit
731 1425 836 1474 auctor
849 1414 887 1472 ad
904 1424 999 1488 astra,

149 1503 383 1585 Descensusque
395 1524 465 1565 suus
480 1524 567 1565 meus
579 1517 623 1564 est
635 1524 773 1567 ascensus
784 1507 817 1567 iu
828 1506 941 1584 altum,

150 1599 183 1660 N
187 1619 221 1660 ec
233 1598 402 1680 peccatoris
414 1590 546 1663 mortem
559 1599 662 1681 magis
671 1599 753 1683 eligit
765 1598 855 1662 ultor.

153 1691 288 1772 Quando
302 1693 363 1753 suis
376 1691 475 1773 poenis
488 1692 577 1752 nohis
591 1694 673 1753 dedit
685 1714 769 1754 arma
785 1694 903 1771 salutis,

152 1785 205 1850 Sic
216 1787 285 1868 pius
298 1786 479 1847 indomitam
493 1801 610 1866 pestem
624 1808 831 1850 mansuescere
844 1801 954 1865 tentat,

151 1880 358 1962 Promisitque
371 1881 444 1964 lupo
455 1882 537 1942 bona
549 1895 651 1963 pastor
663 1881 754 1944 ovilia
767 1884 863 1944 reddi.

153 1974 279 2055 Quanto
291 1977 386 2060 magis
399 1976 519 2037 homini
531 1977 658 2039 reserari
672 1977 797 2057 praemia
811 1976 944 2053 Christi,

151 2068 384 2153 Propterquem
393 2070 654 2153 ipseDeushomo
664 2071 707 2146 lit,
719 2071 797 2151 jacet
806 2084 892 2151 atque
902 2074 1045 2158 resurgit!

152 2159 185 2224 Ο
200 2165 296 2245 pietas
309 2179 339 2227 et
352 2165 430 2228 celsa
443 2166 535 2238 fidcs;
550 2165 747 2247 praesumptio
759 2165 872 2241 dulcis,

152 2260 232 2341 Quae
245 2263 397 2343 promittit
411 2284 503 2344 opem
518 2261 675 2341 deceptori
692 2272 721 2320 et
737 2261 889 2340 perituro!

149 2354 305 2439 Explicuit
318 2371 423 2440 votum
436 2402 445 2432 ,
459 2357 484 2418 si
495 2354 649 2418 nouvalet
662 2354 725 2430 ire,
742 2357 924 2436 juvandum,

154 2447 215 2512 Cui
234 2451 335 2512 minus
348 2453 379 2512 in
394 2472 482 2533 posse
495 2464 554 2526 est,
575 2449 645 2510 satis
656 2462 700 2509 est
713 2450 871 2511 ostendere
884 2449 980 2540 velle,

150 2543 236 2605 Nam
248 2558 347 2605 totum
360 2545 510 2625 impendit
523 2544 575 2624 qui
588 2563 650 2603 nou
664 2544 821 2605 abscondit
833 2564 980 2604 amorem.

151 2636 238 2700 Hinc
257 2639 354 2700 clarus
367 2637 495 2720 placidis
508 2637 682 2700 adolescens
692 2638 830 2699 moribus
843 2659 949 2721 expers

150 2730 645 2816 lllartinumamplectens,patrem
653 2733 1051 2814 etsuacunctareliuqueus,

151 2825 309 2909 Tempore
323 2828 435 2909 quique
445 2829 533 2891 brevi
545 2828 651 2890 micuit
666 2828 776 2890 virtute
788 2828 924 2909 fideque,

154 2919 237 2984 Cum
248 2943 346 3005 prope
362 2924 540 3005 pontificem
551 2920 720 2984 habitacula
733 2923 950 3000 constituisset,

154 3015 204 3078 Ac
216 3036 270 3092 sua
281 3017 455 3099 complures
466 3028 605 3100 peterent
618 3014 768 3077 consortia
778 3015 901 3092 fratres,

153 3108 238 3176 Huic
250 3133 281 3176 se
296 3125 367 3178 tuuc
378 3114 542 3176 monachus
555 3110 673 3174 socians
686 3110 845 3174 Anatolios
856 3111 937 3177 addit
950 3134 960 3174 ι
