<?xml version="1.0" encoding="UTF-8"?>
<!DOCTYPE html PUBLIC "-//W3C//DTD XHTML 1.0 Transitional//EN"
    "http://www.w3.org/TR/xhtml1/DTD/xhtml1-transitional.dtd">
<html xmlns="http://www.w3.org/1999/xhtml" xml:lang="en" lang="en">
 <head>
  <title>
</title>
<meta http-equiv="Content-Type" content="text/html;charset=utf-8" />
  <meta name='ocr-system' content='tesseract 3.04.00' />
  <meta name='ocr-capabilities' content='ocr_page ocr_carea ocr_par ocr_line ocrx_word'/>
</head>
<body>
  <div class='ocr_page' id='page_1' title='image "./venantiihonorii00unkngoog_0230.png"; bbox 0 0 2222 3852; ppageno 0'>
   <div class='ocr_carea' id='block_1_1' title="bbox 152 329 783 403">
    <p class='ocr_par' dir='ltr' id='par_1_1' title="bbox 152 329 783 403">
     <span class='ocr_line' id='line_1_1' title="bbox 152 329 783 403; baseline 0.013 -11"><span class='ocrx_word' id='word_1_1' title='bbox 152 329 215 403; x_wconf 76' lang='lat' dir='ltr'>ut</span> <span class='ocrx_word' id='word_1_2' title='bbox 403 343 438 398; x_wconf 82' lang='lat' dir='ltr'>v.</span> <span class='ocrx_word' id='word_1_3' title='bbox 470 343 505 399; x_wconf 83' lang='lat' dir='ltr'>n.</span> <span class='ocrx_word' id='word_1_4' title='bbox 535 344 783 400; x_wconf 71' lang='lat' dir='ltr'>concursuri</span> 
     </span>
    </p>
   </div>
   <div class='ocr_carea' id='block_1_2' title="bbox 147 433 958 993">
    <p class='ocr_par' dir='ltr' id='par_1_2' title="bbox 151 433 958 614">
     <span class='ocr_line' id='line_1_2' title="bbox 194 433 921 524; baseline 0.006 -26"><span class='ocrx_word' id='word_1_5' title='bbox 194 433 319 499; x_wconf 84' lang='lat' dir='ltr'>Solvere</span> <span class='ocrx_word' id='word_1_6' title='bbox 332 436 405 497; x_wconf 91' lang='lat' dir='ltr'>dum</span> <span class='ocrx_word' id='word_1_7' title='bbox 417 449 576 518; x_wconf 78' lang='lat' dir='ltr'>properat,</span> <span class='ocrx_word' id='word_1_8' title='bbox 591 459 622 499; x_wconf 92' lang='lat' dir='ltr'>se</span> <span class='ocrx_word' id='word_1_9' title='bbox 633 440 828 521; x_wconf 86' lang='lat' dir='ltr'>properando</span> <span class='ocrx_word' id='word_1_10' title='bbox 839 439 921 524; x_wconf 82' lang='lat' dir='ltr'>iigat.</span> 
     </span>
     <span class='ocr_line' id='line_1_3' title="bbox 151 529 958 614; baseline 0.006 -22"><span class='ocrx_word' id='word_1_11' title='bbox 151 529 237 593; x_wconf 83' lang='lat' dir='ltr'>Hinc</span> <span class='ocrx_word' id='word_1_12' title='bbox 249 541 331 591; x_wconf 88' lang='lat' dir='ltr'>tenet</span> <span class='ocrx_word' id='word_1_13' title='bbox 343 530 482 607; x_wconf 84' lang='lat' dir='ltr'>affectus,</span> <span class='ocrx_word' id='word_1_14' title='bbox 496 533 576 613; x_wconf 87' lang='lat' dir='ltr'>rapit</span> <span class='ocrx_word' id='word_1_15' title='bbox 589 534 660 594; x_wconf 90' lang='lat' dir='ltr'>inde</span> <span class='ocrx_word' id='word_1_16' title='bbox 673 533 817 596; x_wconf 87' lang='lat' dir='ltr'>tumultus</span> <span class='ocrx_word' id='word_1_17' title='bbox 828 548 958 614; x_wconf 88' lang='lat' dir='ltr'>euntes,</span> 
     </span>
    </p>

    <p class='ocr_par' dir='ltr' id='par_1_3' title="bbox 148 621 899 802">
     <span class='ocr_line' id='line_1_4' title="bbox 191 621 877 711; baseline 0.007 -26"><span class='ocrx_word' id='word_1_18' title='bbox 191 621 244 686; x_wconf 81' lang='lat' dir='ltr'>sic</span> <span class='ocrx_word' id='word_1_19' title='bbox 256 645 313 706; x_wconf 87' lang='lat' dir='ltr'>per</span> <span class='ocrx_word' id='word_1_20' title='bbox 324 637 464 705; x_wconf 84' lang='lat' dir='ltr'>utrasque</span> <span class='ocrx_word' id='word_1_21' title='bbox 475 626 554 689; x_wconf 85' lang='lat' dir='ltr'>vices</span> <span class='ocrx_word' id='word_1_22' title='bbox 566 625 669 689; x_wconf 82' lang='lat' dir='ltr'>flebile</span> <span class='ocrx_word' id='word_1_23' title='bbox 683 628 779 691; x_wconf 85' lang='lat' dir='ltr'>servet</span> <span class='ocrx_word' id='word_1_24' title='bbox 792 649 877 711; x_wconf 85' lang='lat' dir='ltr'>opus.</span> 
     </span>
     <span class='ocr_line' id='line_1_5' title="bbox 148 717 899 802; baseline 0.007 -22"><span class='ocrx_word' id='word_1_25' title='bbox 148 717 236 780; x_wconf 83' lang='lat' dir='ltr'>Alter</span> <span class='ocrx_word' id='word_1_26' title='bbox 249 717 333 780; x_wconf 80' lang='lat' dir='ltr'>abire</span> <span class='ocrx_word' id='word_1_27' title='bbox 345 731 467 795; x_wconf 86' lang='lat' dir='ltr'>monet,</span> <span class='ocrx_word' id='word_1_28' title='bbox 481 733 565 802; x_wconf 76' lang='lat' dir='ltr'>rogat</span> <span class='ocrx_word' id='word_1_29' title='bbox 576 719 652 782; x_wconf 92' lang='lat' dir='ltr'>alter</span> <span class='ocrx_word' id='word_1_30' title='bbox 663 742 768 784; x_wconf 88' lang='lat' dir='ltr'>amore</span> <span class='ocrx_word' id='word_1_31' title='bbox 779 723 899 800; x_wconf 86' lang='lat' dir='ltr'>redire,</span> 
     </span>
    </p>

    <p class='ocr_par' dir='ltr' id='par_1_4' title="bbox 147 809 909 993">
     <span class='ocr_line' id='line_1_6' title="bbox 193 809 809 891; baseline 0.013 -20"><span class='ocrx_word' id='word_1_32' title='bbox 193 809 245 875; x_wconf 91' lang='lat' dir='ltr'>Sic</span> <span class='ocrx_word' id='word_1_33' title='bbox 258 813 390 874; x_wconf 85' lang='lat' dir='ltr'>variante</span> <span class='ocrx_word' id='word_1_34' title='bbox 402 814 461 875; x_wconf 81' lang='lat' dir='ltr'>fide</span> <span class='ocrx_word' id='word_1_35' title='bbox 471 814 523 877; x_wconf 91' lang='lat' dir='ltr'>hic</span> <span class='ocrx_word' id='word_1_36' title='bbox 531 815 638 891; x_wconf 86' lang='lat' dir='ltr'>trahit,</span> <span class='ocrx_word' id='word_1_37' title='bbox 652 815 706 878; x_wconf 90' lang='lat' dir='ltr'>ille</span> <span class='ocrx_word' id='word_1_38' title='bbox 717 829 809 879; x_wconf 87' lang='lat' dir='ltr'>tenet.</span> 
     </span>
     <span class='ocr_line' id='line_1_7' title="bbox 147 903 909 993; baseline 0.005 -26"><span class='ocrx_word' id='word_1_39' title='bbox 147 903 304 967; x_wconf 84' lang='lat' dir='ltr'>Dividitur</span> <span class='ocrx_word' id='word_1_40' title='bbox 314 906 444 988; x_wconf 88' lang='lat' dir='ltr'>populus</span> <span class='ocrx_word' id='word_1_41' title='bbox 456 928 513 989; x_wconf 89' lang='lat' dir='ltr'>per</span> <span class='ocrx_word' id='word_1_42' title='bbox 525 929 615 993; x_wconf 83' lang='lat' dir='ltr'>regna</span> <span class='ocrx_word' id='word_1_43' title='bbox 626 909 745 972; x_wconf 86' lang='lat' dir='ltr'>novella</span> <span class='ocrx_word' id='word_1_44' title='bbox 758 922 888 973; x_wconf 86' lang='lat' dir='ltr'>vetustus</span> <span class='ocrx_word' id='word_1_45' title='bbox 900 953 909 986; x_wconf 92' lang='lat'>,</span> 
     </span>
    </p>
   </div>
   <div class='ocr_carea' id='block_1_3' title="bbox 140 998 1041 3237">
    <p class='ocr_par' dir='ltr' id='par_1_5' title="bbox 140 998 1041 3237">
     <span class='ocr_line' id='line_1_8' title="bbox 191 998 949 1087; baseline 0.008 -26"><span class='ocrx_word' id='word_1_46' title='bbox 191 998 256 1062; x_wconf 85' lang='lat' dir='ltr'>Stat</span> <span class='ocrx_word' id='word_1_47' title='bbox 268 1012 369 1082; x_wconf 86' lang='lat' dir='ltr'>pater,</span> <span class='ocrx_word' id='word_1_48' title='bbox 383 999 406 1060; x_wconf 89' lang='lat' dir='ltr'>it</span> <span class='ocrx_word' id='word_1_49' title='bbox 416 1000 548 1082; x_wconf 82' lang='lat' dir='ltr'>genitus,</span> <span class='ocrx_word' id='word_1_50' title='bbox 563 1014 620 1063; x_wconf 84' lang='lat' dir='ltr'>stat</span> <span class='ocrx_word' id='word_1_51' title='bbox 632 1023 735 1080; x_wconf 87' lang='lat' dir='ltr'>socer,</span> <span class='ocrx_word' id='word_1_52' title='bbox 746 1003 827 1084; x_wconf 87' lang='lat' dir='ltr'>itque</span> <span class='ocrx_word' id='word_1_53' title='bbox 837 1023 949 1087; x_wconf 79' lang='lat' dir='ltr'>gener.</span> 
     </span>
     <span class='ocr_line' id='line_1_9' title="bbox 146 1093 914 1181; baseline 0.005 -25"><span class='ocrx_word' id='word_1_54' title='bbox 146 1093 254 1156; x_wconf 80' lang='lat' dir='ltr'>Astans</span> <span class='ocrx_word' id='word_1_55' title='bbox 264 1093 316 1174; x_wconf 87' lang='lat' dir='ltr'>qui</span> <span class='ocrx_word' id='word_1_56' title='bbox 327 1093 477 1175; x_wconf 80' lang='lat' dir='ltr'><strong>trepidam</strong></span> <span class='ocrx_word' id='word_1_57' title='bbox 490 1095 622 1175; x_wconf 87' lang='lat' dir='ltr'>patriam</span> <span class='ocrx_word' id='word_1_58' title='bbox 635 1095 764 1181; x_wconf 82' lang='lat' dir='ltr'>migrare</span> <span class='ocrx_word' id='word_1_59' title='bbox 777 1109 914 1179; x_wconf 86' lang='lat' dir='ltr'>putaret,</span> 
     </span>
     <span class='ocr_line' id='line_1_10' title="bbox 188 1187 815 1271; baseline -0.003 -19"><span class='ocrx_word' id='word_1_60' title='bbox 188 1187 230 1252; x_wconf 89' lang='lat' dir='ltr'>Et</span> <span class='ocrx_word' id='word_1_61' title='bbox 240 1189 324 1271; x_wconf 83' lang='lat' dir='ltr'>quasi</span> <span class='ocrx_word' id='word_1_62' title='bbox 336 1188 488 1270; x_wconf 82' lang='lat' dir='ltr'>captivum</span> <span class='ocrx_word' id='word_1_63' title='bbox 501 1190 636 1252; x_wconf 86' lang='lat' dir='ltr'>crederet</span> <span class='ocrx_word' id='word_1_64' title='bbox 648 1191 694 1253; x_wconf 91' lang='lat' dir='ltr'>ire</span> <span class='ocrx_word' id='word_1_65' title='bbox 706 1190 815 1252; x_wconf 88' lang='lat' dir='ltr'>solum.</span> 
     </span>
     <span class='ocr_line' id='line_1_11' title="bbox 145 1281 838 1364; baseline -0.001 -19"><span class='ocrx_word' id='word_1_66' title='bbox 145 1281 318 1347; x_wconf 73' lang='lat' dir='ltr'><strong>Procedant</strong></span> <span class='ocrx_word' id='word_1_67' title='bbox 328 1283 423 1364; x_wconf 88' lang='lat' dir='ltr'>portis</span> <span class='ocrx_word' id='word_1_68' title='bbox 435 1295 549 1344; x_wconf 84' lang='lat' dir='ltr'>serrato</span> <span class='ocrx_word' id='word_1_69' title='bbox 559 1283 592 1342; x_wconf 89' lang='lat' dir='ltr'>in</span> <span class='ocrx_word' id='word_1_70' title='bbox 603 1295 697 1364; x_wconf 84' lang='lat' dir='ltr'>ponte</span> <span class='ocrx_word' id='word_1_71' title='bbox 709 1283 838 1360; x_wconf 90' lang='lat' dir='ltr'>retenti,</span> 
     </span>
     <span class='ocr_line' id='line_1_12' title="bbox 184 1373 770 1459; baseline -0.003 -20"><span class='ocrx_word' id='word_1_72' title='bbox 184 1375 316 1439; x_wconf 85' lang='lat' dir='ltr'><strong>Protulit</strong></span> <span class='ocrx_word' id='word_1_73' title='bbox 327 1376 385 1439; x_wconf 83' lang='lat' dir='ltr'>hoe</span> <span class='ocrx_word' id='word_1_74' title='bbox 395 1373 468 1436; x_wconf 84' lang='lat' dir='ltr'>fletu</span> <span class='ocrx_word' id='word_1_75' title='bbox 481 1374 658 1438; x_wconf 68' lang='lat' dir='ltr'>Getesuim</span> <span class='ocrx_word' id='word_1_76' title='bbox 670 1389 770 1459; x_wconf 82' lang='lat' dir='ltr'>caput.</span> 
     </span>
     <span class='ocr_line' id='line_1_13' title="bbox 143 1469 811 1555; baseline -0.004 -22"><span class='ocrx_word' id='word_1_77' title='bbox 143 1469 196 1535; x_wconf 85' lang='lat' dir='ltr'>Sic</span> <span class='ocrx_word' id='word_1_78' title='bbox 206 1471 323 1555; x_wconf 84' lang='lat' dir='ltr'>gremio</span> <span class='ocrx_word' id='word_1_79' title='bbox 335 1469 444 1532; x_wconf 87' lang='lat' dir='ltr'>Tulete</span> <span class='ocrx_word' id='word_1_80' title='bbox 455 1482 507 1531; x_wconf 86' lang='lat' dir='ltr'>tue</span> <span class='ocrx_word' id='word_1_81' title='bbox 519 1470 674 1547; x_wconf 83' lang='lat' dir='ltr'>nutribar,</span> <span class='ocrx_word' id='word_1_82' title='bbox 687 1483 720 1531; x_wconf 87' lang='lat' dir='ltr'>ut</span> <span class='ocrx_word' id='word_1_83' title='bbox 732 1489 811 1553; x_wconf 79' lang='lat' dir='ltr'>aegra</span> 
     </span>
     <span class='ocr_line' id='line_1_14' title="bbox 187 1563 773 1648; baseline -0.003 -21"><span class='ocrx_word' id='word_1_84' title='bbox 187 1563 336 1629; x_wconf 84' lang='lat' dir='ltr'>Excludar</span> <span class='ocrx_word' id='word_1_85' title='bbox 347 1565 444 1648; x_wconf 87' lang='lat' dir='ltr'>portis</span> <span class='ocrx_word' id='word_1_86' title='bbox 456 1563 548 1625; x_wconf 87' lang='lat' dir='ltr'>tristis</span> <span class='ocrx_word' id='word_1_87' title='bbox 560 1563 682 1626; x_wconf 84' lang='lat' dir='ltr'>alumna</span> <span class='ocrx_word' id='word_1_88' title='bbox 694 1565 773 1625; x_wconf 76' lang='lat' dir='ltr'>tuis?</span> 
     </span>
     <span class='ocr_line' id='line_1_15' title="bbox 147 1655 1001 1742; baseline -0.002 -20"><span class='ocrx_word' id='word_1_89' title='bbox 147 1657 280 1740; x_wconf 84' lang='lat' dir='ltr'>Quoque</span> <span class='ocrx_word' id='word_1_90' title='bbox 294 1660 388 1742; x_wconf 82' lang='lat' dir='ltr'>magis</span> <span class='ocrx_word' id='word_1_91' title='bbox 401 1659 517 1721; x_wconf 82' lang='lat' dir='ltr'>crucies</span> <span class='ocrx_word' id='word_1_92' title='bbox 529 1659 665 1739; x_wconf 84' lang='lat' dir='ltr'>prudens</span> <span class='ocrx_word' id='word_1_93' title='bbox 674 1673 743 1718; x_wconf 83' lang='lat' dir='ltr'>mea</span> <span class='ocrx_word' id='word_1_94' title='bbox 757 1655 880 1719; x_wconf 87' lang='lat' dir='ltr'>vulnera</span> <span class='ocrx_word' id='word_1_95' title='bbox 892 1655 1001 1736; x_wconf 87' lang='lat' dir='ltr'>luctu,</span> 
     </span>
     <span class='ocr_line' id='line_1_16' title="bbox 187 1750 830 1835; baseline -0.003 -21"><span class='ocrx_word' id='word_1_96' title='bbox 187 1751 255 1814; x_wconf 86' lang='lat' dir='ltr'>Stas</span> <span class='ocrx_word' id='word_1_97' title='bbox 265 1751 337 1813; x_wconf 81' lang='lat' dir='ltr'><strong>felix</strong></span> <span class='ocrx_word' id='word_1_98' title='bbox 347 1752 446 1835; x_wconf 82' lang='lat' dir='ltr'>regio,</span> <span class='ocrx_word' id='word_1_99' title='bbox 460 1772 515 1814; x_wconf 87' lang='lat' dir='ltr'>cur</span> <span class='ocrx_word' id='word_1_100' title='bbox 527 1771 584 1835; x_wconf 80' lang='lat' dir='ltr'>ege</span> <span class='ocrx_word' id='word_1_101' title='bbox 595 1751 698 1833; x_wconf 80' lang='lat' dir='ltr'>praeda</span> <span class='ocrx_word' id='word_1_102' title='bbox 706 1750 830 1812; x_wconf 82' lang='lat' dir='ltr'>trahor?</span> 
     </span>
     <span class='ocr_line' id='line_1_17' title="bbox 145 1844 882 1920; baseline -0.004 -13"><span class='ocrx_word' id='word_1_103' title='bbox 145 1844 245 1907; x_wconf 83' lang='lat' dir='ltr'>Antea</span> <span class='ocrx_word' id='word_1_104' title='bbox 257 1844 355 1907; x_wconf 84' lang='lat' dir='ltr'>clausa</span> <span class='ocrx_word' id='word_1_105' title='bbox 367 1845 428 1920; x_wconf 89' lang='lat' dir='ltr'>sui,</span> <span class='ocrx_word' id='word_1_106' title='bbox 444 1845 537 1906; x_wconf 89' lang='lat' dir='ltr'>modo</span> <span class='ocrx_word' id='word_1_107' title='bbox 549 1857 579 1906; x_wconf 95' lang='lat' dir='ltr'>te</span> <span class='ocrx_word' id='word_1_108' title='bbox 593 1845 751 1908; x_wconf 88' lang='lat' dir='ltr'>considero</span> <span class='ocrx_word' id='word_1_109' title='bbox 765 1855 882 1920; x_wconf 88' lang='lat' dir='ltr'>totum,</span> 
     </span>
     <span class='ocr_line' id='line_1_18' title="bbox 187 1936 912 2019; baseline 0 -19"><span class='ocrx_word' id='word_1_110' title='bbox 187 1937 281 2001; x_wconf 88' lang='lat' dir='ltr'>Nunc</span> <span class='ocrx_word' id='word_1_111' title='bbox 293 1936 368 1998; x_wconf 88' lang='lat' dir='ltr'>mihi</span> <span class='ocrx_word' id='word_1_112' title='bbox 381 1949 452 1999; x_wconf 85' lang='lat' dir='ltr'>nota</span> <span class='ocrx_word' id='word_1_113' title='bbox 464 1938 549 2019; x_wconf 87' lang='lat' dir='ltr'>prius</span> <span class='ocrx_word' id='word_1_114' title='bbox 560 1937 681 2018; x_wconf 86' lang='lat' dir='ltr'>quande</span> <span class='ocrx_word' id='word_1_115' title='bbox 694 1938 804 2001; x_wconf 81' lang='lat' dir='ltr'>recedo</span> <span class='ocrx_word' id='word_1_116' title='bbox 817 1937 912 2000; x_wconf 79' lang='lat' dir='ltr'>ferox.</span> 
     </span>
     <span class='ocr_line' id='line_1_19' title="bbox 144 2027 872 2112; baseline -0.001 -20"><span class='ocrx_word' id='word_1_117' title='bbox 144 2029 230 2094; x_wconf 84' lang='lat' dir='ltr'>Hinc</span> <span class='ocrx_word' id='word_1_118' title='bbox 241 2043 274 2093; x_wconf 89' lang='lat' dir='ltr'>te</span> <span class='ocrx_word' id='word_1_119' title='bbox 286 2031 447 2093; x_wconf 89' lang='lat' dir='ltr'>dinumero</span> <span class='ocrx_word' id='word_1_120' title='bbox 457 2051 580 2094; x_wconf 86' lang='lat' dir='ltr'>currens</span> <span class='ocrx_word' id='word_1_121' title='bbox 591 2051 648 2112; x_wconf 84' lang='lat' dir='ltr'>per</span> <span class='ocrx_word' id='word_1_122' title='bbox 660 2027 793 2094; x_wconf 83' lang='lat' dir='ltr'>culmina</span> <span class='ocrx_word' id='word_1_123' title='bbox 805 2029 872 2093; x_wconf 82' lang='lat' dir='ltr'>visu</span> 
     </span>
     <span class='ocr_line' id='line_1_20' title="bbox 185 2121 792 2210; baseline -0.003 -25"><span class='ocrx_word' id='word_1_124' title='bbox 185 2121 236 2187; x_wconf 87' lang='lat' dir='ltr'>En</span> <span class='ocrx_word' id='word_1_125' title='bbox 250 2144 304 2210; x_wconf 82' lang='lat' dir='ltr'>ego</span> <span class='ocrx_word' id='word_1_126' title='bbox 318 2124 355 2186; x_wconf 86' lang='lat' dir='ltr'>de</span> <span class='ocrx_word' id='word_1_127' title='bbox 368 2143 496 2186; x_wconf 91' lang='lat' dir='ltr'>numero</span> <span class='ocrx_word' id='word_1_128' title='bbox 508 2144 571 2184; x_wconf 90' lang='lat' dir='ltr'>non</span> <span class='ocrx_word' id='word_1_129' title='bbox 585 2143 639 2184; x_wconf 90' lang='lat' dir='ltr'>ero</span> <span class='ocrx_word' id='word_1_130' title='bbox 651 2123 716 2185; x_wconf 84' lang='lat' dir='ltr'>scia</span> <span class='ocrx_word' id='word_1_131' title='bbox 727 2136 792 2184; x_wconf 80' lang='lat' dir='ltr'>tuo.</span> 
     </span>
     <span class='ocr_line' id='line_1_21' title="bbox 147 2214 823 2300; baseline -0.013 -16"><span class='ocrx_word' id='word_1_132' title='bbox 147 2214 293 2284; x_wconf 80' lang='lat' dir='ltr'><strong>Crudeles</strong></span> <span class='ocrx_word' id='word_1_133' title='bbox 306 2229 401 2300; x_wconf 84' lang='lat' dir='ltr'>portae</span> <span class='ocrx_word' id='word_1_134' title='bbox 414 2238 480 2297; x_wconf 80' lang='lat' dir='ltr'>qnae</span> <span class='ocrx_word' id='word_1_135' title='bbox 492 2238 542 2278; x_wconf 92' lang='lat' dir='ltr'>me</span> <span class='ocrx_word' id='word_1_136' title='bbox 555 2215 672 2278; x_wconf 83' lang='lat' dir='ltr'>laxastis</span> <span class='ocrx_word' id='word_1_137' title='bbox 684 2228 823 2292; x_wconf 87' lang='lat' dir='ltr'>euntem,</span> 
     </span>
     <span class='ocr_line' id='line_1_22' title="bbox 187 2309 790 2392; baseline -0.005 -19"><span class='ocrx_word' id='word_1_138' title='bbox 187 2309 332 2373; x_wconf 86' lang='lat' dir='ltr'>Clavibus</span> <span class='ocrx_word' id='word_1_139' title='bbox 344 2310 492 2392; x_wconf 82' lang='lat' dir='ltr'>oppositis</span> <span class='ocrx_word' id='word_1_140' title='bbox 504 2330 562 2372; x_wconf 89' lang='lat' dir='ltr'>uec</span> <span class='ocrx_word' id='word_1_141' title='bbox 572 2309 707 2372; x_wconf 77' lang='lat' dir='ltr'>vetuistis</span> <span class='ocrx_word' id='word_1_142' title='bbox 719 2309 790 2370; x_wconf 83' lang='lat' dir='ltr'>iteri</span> 
     </span>
     <span class='ocr_line' id='line_1_23' title="bbox 143 2402 900 2488; baseline -0.005 -21"><span class='ocrx_word' id='word_1_143' title='bbox 143 2403 243 2467; x_wconf 84' lang='lat' dir='ltr'>Antea</span> <span class='ocrx_word' id='word_1_144' title='bbox 254 2426 307 2467; x_wconf 86' lang='lat' dir='ltr'>vos</span> <span class='ocrx_word' id='word_1_145' title='bbox 317 2404 451 2488; x_wconf 83' lang='lat' dir='ltr'>geminas</span> <span class='ocrx_word' id='word_1_146' title='bbox 464 2405 599 2480; x_wconf 91' lang='lat' dir='ltr'>adamas,</span> <span class='ocrx_word' id='word_1_147' title='bbox 614 2415 700 2485; x_wconf 88' lang='lat' dir='ltr'>petra</span> <span class='ocrx_word' id='word_1_148' title='bbox 712 2423 772 2465; x_wconf 87' lang='lat' dir='ltr'>uua</span> <span class='ocrx_word' id='word_1_149' title='bbox 783 2402 900 2487; x_wconf 79' lang='lat' dir='ltr'>ligasset</span> 
     </span>
     <span class='ocr_line' id='line_1_24' title="bbox 188 2497 875 2580; baseline -0.003 -22"><span class='ocrx_word' id='word_1_150' title='bbox 188 2497 295 2577; x_wconf 84' lang='lat' dir='ltr'>Quam</span> <span class='ocrx_word' id='word_1_151' title='bbox 308 2499 392 2559; x_wconf 88' lang='lat' dir='ltr'>daret</span> <span class='ocrx_word' id='word_1_152' title='bbox 401 2497 460 2560; x_wconf 87' lang='lat' dir='ltr'>huc</span> <span class='ocrx_word' id='word_1_153' title='bbox 471 2497 564 2559; x_wconf 89' lang='lat' dir='ltr'>ullam</span> <span class='ocrx_word' id='word_1_154' title='bbox 578 2499 667 2580; x_wconf 81' lang='lat' dir='ltr'>janua</span> <span class='ocrx_word' id='word_1_155' title='bbox 679 2517 772 2579; x_wconf 86' lang='lat' dir='ltr'>pansa</span> <span class='ocrx_word' id='word_1_156' title='bbox 784 2498 875 2560; x_wconf 84' lang='lat' dir='ltr'>riam.</span> 
     </span>
     <span class='ocr_line' id='line_1_25' title="bbox 142 2589 864 2673; baseline 0 -22"><span class='ocrx_word' id='word_1_157' title='bbox 142 2589 229 2651; x_wconf 89' lang='lat' dir='ltr'>Urbs</span> <span class='ocrx_word' id='word_1_158' title='bbox 241 2591 293 2673; x_wconf 86' lang='lat' dir='ltr'>pia</span> <span class='ocrx_word' id='word_1_159' title='bbox 304 2590 371 2672; x_wconf 81' lang='lat' dir='ltr'>plns</span> <span class='ocrx_word' id='word_1_160' title='bbox 383 2591 499 2668; x_wconf 78' lang='lat' dir='ltr'>fueras,</span> <span class='ocrx_word' id='word_1_161' title='bbox 513 2593 539 2653; x_wconf 92' lang='lat' dir='ltr'>si</span> <span class='ocrx_word' id='word_1_162' title='bbox 550 2611 654 2652; x_wconf 88' lang='lat' dir='ltr'>murus</span> <span class='ocrx_word' id='word_1_163' title='bbox 666 2603 729 2652; x_wconf 84' lang='lat' dir='ltr'>tota</span> <span class='ocrx_word' id='word_1_164' title='bbox 740 2591 864 2666; x_wconf 79' lang='lat' dir='ltr'>fuisses,</span> 
     </span>
     <span class='ocr_line' id='line_1_26' title="bbox 184 2681 846 2768; baseline 0 -25"><span class='ocrx_word' id='word_1_165' title='bbox 184 2681 239 2744; x_wconf 86' lang='lat' dir='ltr'>Me</span> <span class='ocrx_word' id='word_1_166' title='bbox 253 2685 297 2745; x_wconf 92' lang='lat' dir='ltr'>ire</span> <span class='ocrx_word' id='word_1_167' title='bbox 309 2697 341 2745; x_wconf 90' lang='lat' dir='ltr'>ut</span> <span class='ocrx_word' id='word_1_168' title='bbox 354 2705 393 2746; x_wconf 91' lang='lat' dir='ltr'>ne</span> <span class='ocrx_word' id='word_1_169' title='bbox 403 2685 535 2761; x_wconf 75' lang='lat' dir='ltr'>sineres,</span> <span class='ocrx_word' id='word_1_170' title='bbox 550 2685 682 2768; x_wconf 81' lang='lat' dir='ltr'>cingeret</span> <span class='ocrx_word' id='word_1_171' title='bbox 693 2684 753 2746; x_wconf 82' lang='lat' dir='ltr'>alta</span> <span class='ocrx_word' id='word_1_172' title='bbox 764 2683 846 2745; x_wconf 86' lang='lat' dir='ltr'>silex.</span> 
     </span>
     <span class='ocr_line' id='line_1_27' title="bbox 142 2773 1041 2860; baseline 0.004 -24"><span class='ocrx_word' id='word_1_173' title='bbox 142 2773 241 2859; x_wconf 83' lang='lat' dir='ltr'>Pergo</span> <span class='ocrx_word' id='word_1_174' title='bbox 255 2777 354 2860; x_wconf 85' lang='lat' dir='ltr'>ignota</span> <span class='ocrx_word' id='word_1_175' title='bbox 367 2777 443 2841; x_wconf 89' lang='lat' dir='ltr'>locis</span> <span class='ocrx_word' id='word_1_176' title='bbox 453 2778 624 2860; x_wconf 82' lang='lat' dir='ltr'>trepidans,</span> <span class='ocrx_word' id='word_1_177' title='bbox 638 2778 782 2858; x_wconf 76' lang='lat' dir='ltr'>quidnam</span> <span class='ocrx_word' id='word_1_178' title='bbox 795 2789 883 2838; x_wconf 82' lang='lat' dir='ltr'>antea</span> <span class='ocrx_word' id='word_1_179' title='bbox 895 2775 1041 2858; x_wconf 85' lang='lat' dir='ltr'>discam,</span> 
     </span>
     <span class='ocr_line' id='line_1_28' title="bbox 184 2867 996 2954; baseline 0.004 -24"><span class='ocrx_word' id='word_1_180' title='bbox 184 2867 308 2947; x_wconf 86' lang='lat' dir='ltr'>Mores,</span> <span class='ocrx_word' id='word_1_181' title='bbox 321 2884 458 2954; x_wconf 83' lang='lat' dir='ltr'>gentem,</span> <span class='ocrx_word' id='word_1_182' title='bbox 472 2873 606 2947; x_wconf 87' lang='lat' dir='ltr'>animos,</span> <span class='ocrx_word' id='word_1_183' title='bbox 622 2871 755 2953; x_wconf 85' lang='lat' dir='ltr'>oppida,</span> <span class='ocrx_word' id='word_1_184' title='bbox 771 2889 856 2946; x_wconf 87' lang='lat' dir='ltr'>rura,</span> <span class='ocrx_word' id='word_1_185' title='bbox 871 2889 996 2933; x_wconf 87' lang='lat' dir='ltr'>nemus.</span> 
     </span>
     <span class='ocr_line' id='line_1_29' title="bbox 141 2961 965 3049; baseline 0 -23"><span class='ocrx_word' id='word_1_186' title='bbox 141 2961 246 3044; x_wconf 82' lang='lat' dir='ltr'>Quem</span> <span class='ocrx_word' id='word_1_187' title='bbox 257 2985 367 3047; x_wconf 79' lang='lat' dir='ltr'>precor</span> <span class='ocrx_word' id='word_1_188' title='bbox 381 2965 533 3027; x_wconf 85' lang='lat' dir='ltr'>inveniam</span> <span class='ocrx_word' id='word_1_189' title='bbox 546 2965 713 3049; x_wconf 81' lang='lat' dir='ltr'>peregrinis</span> <span class='ocrx_word' id='word_1_190' title='bbox 725 2967 840 3028; x_wconf 81' lang='lat' dir='ltr'>advena</span> <span class='ocrx_word' id='word_1_191' title='bbox 852 2963 965 3042; x_wconf 88' lang='lat' dir='ltr'>terris,</span> 
     </span>
     <span class='ocr_line' id='line_1_30' title="bbox 184 3054 928 3139; baseline 0.004 -22"><span class='ocrx_word' id='word_1_192' title='bbox 184 3054 259 3135; x_wconf 86' lang='lat' dir='ltr'>Quo</span> <span class='ocrx_word' id='word_1_193' title='bbox 272 3058 345 3118; x_wconf 83' lang='lat' dir='ltr'>mihi</span> <span class='ocrx_word' id='word_1_194' title='bbox 357 3079 450 3119; x_wconf 90' lang='lat' dir='ltr'>nemo</span> <span class='ocrx_word' id='word_1_195' title='bbox 462 3059 546 3121; x_wconf 84' lang='lat' dir='ltr'>venis</span> <span class='ocrx_word' id='word_1_196' title='bbox 558 3059 649 3134; x_wconf 86' lang='lat' dir='ltr'>civis,</span> <span class='ocrx_word' id='word_1_197' title='bbox 664 3059 782 3134; x_wconf 80' lang='lat' dir='ltr'>amice,</span> <span class='ocrx_word' id='word_1_198' title='bbox 796 3057 928 3139; x_wconf 80' lang='lat' dir='ltr'>parem?</span> 
     </span>
     <span class='ocr_line' id='line_1_31' title="bbox 140 3147 862 3237; baseline -0.001 -24"><span class='ocrx_word' id='word_1_199' title='bbox 140 3147 221 3226; x_wconf 84' lang='lat' dir='ltr'>Dic,</span> <span class='ocrx_word' id='word_1_200' title='bbox 233 3150 259 3211; x_wconf 90' lang='lat' dir='ltr'>si</span> <span class='ocrx_word' id='word_1_201' title='bbox 271 3149 380 3213; x_wconf 88' lang='lat' dir='ltr'>blanda</span> <span class='ocrx_word' id='word_1_202' title='bbox 393 3163 491 3235; x_wconf 83' lang='lat' dir='ltr'>potest</span> <span class='ocrx_word' id='word_1_203' title='bbox 503 3153 602 3215; x_wconf 82' lang='lat' dir='ltr'>nutrix</span> <span class='ocrx_word' id='word_1_204' title='bbox 613 3151 714 3216; x_wconf 87' lang='lat' dir='ltr'>aliena</span> <span class='ocrx_word' id='word_1_205' title='bbox 723 3153 862 3237; x_wconf 83' lang='lat' dir='ltr'>placere,</span> 
     </span>
    </p>
   </div>
   <div class='ocr_carea' id='block_1_4' title="bbox 0 0 1116 3852">
    <p class='ocr_par' dir='ltr' id='par_1_6' title="bbox 0 0 1116 3852">
     <span class='ocr_line' id='line_1_32' title="bbox 0 0 1116 3852; baseline 0 3"><span class='ocrx_word' id='word_1_206' title='bbox 0 0 1116 3852; x_wconf 95' lang='lat' dir='ltr'> </span> 
     </span>
    </p>
   </div>
  </div>
 </body>
</html>
