2230 3838
165 255 223 317 126
428 273 460 325 v.
480 275 514 328 u.
539 275 784 332 nonnunuur
818 345 820 352 ยน

219 447 264 499 vr.
284 448 333 499 nu
349 447 570 502 uuuunnonu
586 451 686 504 nucu
703 452 750 504 ur
768 423 986 512 nnuurnunu

180 538 247 578 EJUS
270 539 413 594 COMUGE,
435 541 483 594 qut
503 542 741 584 AEnllucuvnttuttr
765 549 903 590 rumetum
926 553 1034 594 SANCTK

519 616 685 660 SA'TURMNI.

162 726 332 810 Liunuus
342 748 481 810 humanis
494 749 680 829 reliquorum
694 754 785 814 corda
795 757 960 837 resultent,

200 845 243 906 At
254 843 329 904 mihi
342 844 379 903 de
391 844 475 926 justis
488 864 729 907 commemorare
743 847 822 910 licet.

158 940 243 1004 Nam
256 939 375 1022 pietatis
388 959 464 1021 opus
476 939 605 1001 victores
618 953 717 1001 texere
728 940 834 1020 libris,

200 1035 354 1096 Admonet
365 1033 518 1115 ingenium
532 1053 579 1094 res
592 1035 708 1096 ratione
722 1036 840 1118 duplex.

158 1127 231 1190 Una
245 1129 325 1208 quod
337 1139 380 1187 est
391 1126 500 1187 habilis
513 1128 549 1188 de
561 1129 677 1212 magnis
689 1150 796 1214 magna
809 1132 914 1212 lateri,

199 1223 283 1285 Nam
293 1223 374 1284 bona
386 1221 439 1302 qui
451 1220 570 1299 reticet,
585 1223 721 1284 criminis
734 1239 837 1288 auctor
850 1231 917 1292 erit.

156 1319 261 1380 Altera
274 1338 360 1381 causa
372 1328 494 1392 monet,
508 1317 652 1396 quoniam
665 1339 823 1381 succensus
833 1341 958 1402 amore,

199 1413 240 1474 Et
250 1413 379 1474 meliora
392 1413 474 1493 cupit
485 1412 536 1492 qui
550 1430 603 1473 sua
615 1412 692 1475 lacta
702 1413 782 1496 legit.

159 1506 336 1569 Saturninus
347 1506 429 1568 enim
442 1519 557 1590 martyr
569 1507 749 1568 venerabilis
761 1509 849 1586 orbi,

200 1600 230 1662 N
233 1622 267 1663 ec
278 1600 349 1662 latet
361 1600 470 1684 egregii
484 1600 585 1681 palma
597 1600 685 1664 beata
693 1601 760 1663 viri.

158 1693 223 1775 Qui
237 1715 307 1757 cnm
319 1693 460 1756 Romana
471 1707 662 1776 properasset
674 1695 712 1757 ab
726 1696 800 1758 urbe
811 1695 980 1778 Tolosam,

196 1789 239 1850 Et
249 1789 299 1872 pia
313 1787 501 1852 Christicolis
511 1790 627 1850 semina
641 1789 732 1850 ferret
745 1790 836 1873 agris:

155 1883 243 1947 Tunc
254 1904 360 1946 vesana
374 1884 483 1946 cohors
494 1883 611 1944 domini
622 1885 814 1965 comprendit
828 1886 980 1966 amicum,

197 1979 386 2059 Instituitque
399 1979 444 2061 pii
457 1978 595 2040 membra
607 1979 731 2040 terenda
743 1979 830 2041 trahi.

155 2072 324 2156 Implicitus
335 2075 411 2135 tauri
425 2075 502 2155 pede
515 2072 682 2155 posteriore
695 2075 858 2155 pependit,

197 2166 323 2230 Tractus
336 2167 367 2228 in
379 2167 537 2247 obliquum
551 2166 726 2229 dilaceratus
737 2168 810 2229 obit.

156 2255 226 2325 Hac
238 2283 296 2345 ope
311 2263 348 2324 de
357 2263 445 2325 terris
458 2262 591 2323 animam
601 2261 764 2322 transmisit
775 2262 919 2346 olympo:

199 2355 231 2419 0
244 2358 331 2434 felix,
346 2359 428 2439 cujus
442 2357 546 2418 funere
562 2375 644 2416 mors
655 2355 793 2416 moritur.

157 2449 218 2513 Sed
229 2450 313 2515 locus
326 2451 377 2512 ille
389 2452 512 2531 quidem
523 2469 583 2530 quo
597 2461 714 2511 sanctus
726 2448 845 2511 vincula
857 2455 1006 2534 sumpsit,

197 2545 321 2607 Nullius
333 2545 440 2627 templi
452 2545 543 2606 soltus
554 2544 673 2605 honore
685 2544 756 2604 suit:

155 2639 373 2704 Lanuebaudes
385 2641 467 2700 enim
481 2652 549 2722 post
563 2638 661 2700 secula
674 2638 763 2722 longa
776 2639 915 2701 ducatum

196 2733 281 2796 Dum
292 2736 384 2818 gerit,
398 2735 533 2796 instruxit
546 2734 676 2796 culmina
687 2745 787 2795 sancta
800 2733 869 2795 loci

155 2829 250 2909 Quod
261 2829 360 2892 nullus
372 2829 495 2892 veniens
506 2829 647 2891 Romana
657 2840 743 2912 gente
756 2828 892 2906 fabrivit,

197 2924 268 2987 Hoc
280 2926 326 2987 vir
336 2925 493 2988 barbarica
505 2923 592 3006 prole
604 2924 719 3006 peregit
731 2943 816 3003 opus.

156 3017 292 3104 Conjuge
306 3041 375 3082 cum
385 3019 511 3102 propria
522 3017 691 3078 Beretrude
703 3016 783 3078 clara
797 3018 921 3096 decore,

196 3113 325 3179 Pectore
338 3138 403 3198 quae
415 3113 527 3176 blando
540 3111 651 3178 clarior
662 3111 728 3194 ipsa
740 3110 825 3174 nitet.
