2222 3852
135 328 193 413 196
386 342 420 394 ν.
444 343 479 394 rr.
507 341 761 394 ronrnttsrt

132 433 166 496 Si
178 435 245 518 pius
255 434 321 510 ltic,
335 433 413 511 dixi,
427 454 558 517 praesens
572 431 723 494 Martinus
736 433 874 510 adesset,

172 528 248 591 Non
259 529 443 610 permisisset
455 531 581 613 perdere
593 540 697 609 pastor
709 549 808 590 ovem.

133 622 194 687 Sed
208 636 309 686 tamen
320 624 448 702 invalui,
463 623 601 686 recolens
613 635 642 684 te
655 643 772 683 summe
786 623 945 700 sacerdos,

174 719 270 800 Spem
284 719 472 802 praecessoris
486 719 537 800 qui
550 718 661 799 pietate
674 717 779 780 refers.

132 811 278 891 Discute,
290 814 449 898 distringe,
464 834 501 876 ac
512 812 537 874 si
550 813 589 873 sit
602 832 703 887 secus,
719 810 803 892 eripe
816 809 929 886 dulcis,

173 907 215 968 Et
227 921 314 990 pater
325 909 400 973 adde
413 909 512 991 gregi,
525 907 603 968 hanc
616 925 736 986 quoqne
748 904 838 965 redde
851 903 949 987 patri.

132 1001 189 1088 llle
202 1001 291 1064 simul
305 1002 406 1064 osficio
421 1001 569 1063 famulum
577 1001 633 1062 tibi
645 1021 713 1062 care
725 999 899 1077 subactu-m,

174 1095 303 1182 Protege
316 1095 470 1181 perfugio,
485 1107 587 1178 pastor
599 1095 720 1180 opime,
734 1093 797 1177 pio.

132 1240 226 1292 XXXI.
234 1239 283 1290 AD
294 1238 420 1304 IPSUM,
429 1237 478 1289 DE
487 1236 806 1290 COMMENDATIONE
812 1235 1029 1291 PEREGRINI.

133 1352 206 1436 Vnt
218 1375 300 1436 bone
313 1395 371 1457 pro
383 1373 499 1435 meritis
513 1374 681 1456 adipiscens
693 1372 814 1436 culmen
825 1371 975 1450 honoris,

174 1468 291 1531 Nobile
303 1468 492 1550 praesidinm,
507 1466 680 1550 pontificale
693 1480 798 1548 caput:

135 1563 238 1646 Quem
249 1563 355 1647 gradus
368 1576 397 1623 et
411 1562 534 1646 genium
546 1561 644 1624 fructu
655 1561 775 1642 pietatis
788 1560 900 1642 opimo

175 1657 306 1742 Dignius
320 1657 459 1717 attollunt
472 1656 674 1737 amplificante
687 1653 769 1716 Deo.

134 1751 181 1812 Ut
194 1750 248 1811 tibi
260 1751 298 1811 sit
308 1749 455 1810 famulans
468 1761 653 1810 memoratus
664 1769 769 1810 amore
780 1747 935 1832 benigno,

176 1837 338 1904 Fortunati
350 1843 472 1904 humilis
484 1853 513 1905 te
525 1855 612 1925 pater
623 1855 690 1904 orat
701 1863 787 1924 apex.

136 1938 201 2000 Hic
213 1937 389 2022 peregrinus
402 1937 476 1998 item
487 1936 618 2014 laetetur,
631 1958 749 1998 summe
761 1939 919 2017 sacerdos,

178 2030 337 2094 Pastorem
348 2045 377 2094 et
389 2031 519 2114 patriam
530 2043 561 2093 te
574 2031 720 2094 meruisse
731 2052 826 2093 suam.

136 2183 242 2236 XXXIL
253 2181 303 2234 Al)
320 2180 477 2234 EUNDEM
493 2180 716 2245 Entscoettttt,
734 2180 1032 2236 sltmrtrottlult.
1100 2217 1103 2228 .

137 2289 276 2374 Pnsroa·
286 2307 412 2370 honoris
423 2327 515 2387 apex,
529 2306 710 2368 venerabilis
723 2327 776 2368 ore
790 2306 948 2384 sacerdos,

179 2405 222 2468 Et
235 2407 324 2467 decus
337 2403 416 2464 alme
429 2415 568 2483 patrum,
584 2413 614 2462 et
623 2401 790 2484 relligionis
802 2420 900 2461 amor.

139 2501 249 2564 Gloria
261 2497 440 2579 pontificum
452 2496 569 2556 meritis
581 2495 635 2578 pia
643 2494 744 2576 palma
757 2493 908 2578 Gregori,

181 2598 360 2674 Assurgente
371 2591 463 2674 gradu
476 2589 599 2665 nobile,
609 2591 693 2671 jure,
706 2603 806 2670 caput.

138 2689 323 2751 Fortunatus
335 2700 427 2766 opem
441 2684 533 2746 tribui
545 2700 636 2764 quam
649 2684 747 2766 poscit
759 2682 892 2770 olympi,

182 2780 244 2845 Per
255 2794 287 2843 te
300 2799 369 2844 care
380 2793 483 2863 pater,
498 2800 559 2862 quo
570 2793 723 2842 mereatur
734 2799 796 2862 age.

192 2938 341 2991 xxxttt.
365 2935 420 2988 ΑΙ)
443 2936 597 3002 ΙΡΕΗΜ,
625 2931 982 2990 SALUTATORIUM·

141 3051 281 3137 V1s1mr
292 3070 405 3133 avobis
417 3067 574 3152 dignanter
584 3065 713 3150 epistola
723 3086 862 3146 currens,

184 3164 255 3244 Me,
271 3183 354 3228 sacer
365 3163 504 3244 antistes,
519 3164 566 3229 vir
575 3163 686 3248 pietate
699 3174 794 3248 pater.
