2230 3838
192 341 249 394 DE
267 343 369 396 VITA
393 343 424 396 S·
448 343 629 400 Mtlt'HNt
651 343 774 402 LIBER
796 347 850 402 tv.
924 333 965 419 93

64 437 163 502 Pone
175 440 279 502 libelle
292 443 438 519 modurn,
452 444 555 526 tepido
568 446 736 507 verecunde
750 445 862 523 relatu,

65 533 267 618 Multiplices
280 537 393 599 iaciens
406 538 518 600 dissuto
531 539 661 600 stamine
673 560 774 623 rugas:

64 627 144 692 Nec
157 631 240 692 bene
253 631 303 691 file
315 631 410 714 ligans
420 634 501 694 nodo
513 633 593 694 subit
606 653 712 716 aspera
723 647 820 712 texta,

65 723 212 806 Hispida
227 725 335 788 cameli
347 727 444 810 rigido
457 728 541 807 quasi
553 727 664 790 vellere
677 741 773 806 texta,

67 817 183 882 Serica
195 822 270 881 dum
282 821 382 884 decuit
396 821 522 883 Martini
538 822 630 904 pallia
644 824 733 901 duci,
800 825 803 834 ’

63 915 134 976 Aut
148 928 293 997 praetexta
305 917 419 978 micans
432 937 506 977 auro
519 917 574 978 sub
588 917 690 978 tortile
704 919 803 996 necti,

63 1007 135 1070 Vel
150 1022 221 1094 toga
232 1011 388 1094 permixtis
400 1011 594 1096 hyacinthina
607 1026 741 1074 curreret
751 1013 843 1088 albis,

67 1101 209 1188 Pingere
221 1127 274 1166 seu
286 1106 400 1169 variam
412 1127 500 1182 rosa,
515 1106 594 1182 lilia,
608 1128 728 1190 gemma
741 1128 906 1186 coronam,

14 1215 17 1220 “
66 1197 219 1261 Meroida
232 1199 338 1284 lingua,
348 1213 442 1277 tacet,
455 1201 575 1262 veniam
587 1201 644 1262 tibi
658 1222 750 1283 posce
765 1201 879 1263 libelle.

68 1291 248 1356 Contentus
259 1308 376 1356 tanturn
389 1293 551 1357 Turonum
564 1308 632 1378 pete
645 1297 759 1357 moenia
771 1296 898 1378 supplex

72 1386 151 1469 Qua
163 1387 318 1450 Martinus
328 1390 418 1451 habet
429 1391 599 1451 venerenda
609 1389 770 1472 sepulchra
781 1392 937 1467 sacerdos,

72 1481 174 1566 Cujus
186 1485 289 1545 bonor
303 1484 412 1546 tumuli
425 1485 496 1546 facit
508 1484 558 1548 bic
567 1505 619 1546 sua
632 1506 703 1546 rura
716 1486 814 1562 tueri,

75 1575 143 1657 Qui
154 1578 279 1660 pietatis
293 1600 384 1661 opem
397 1579 527 1655 tribuat,
541 1600 612 1641 narn
626 1579 723 1664 largus
732 1580 844 1661 ubique

76 1673 143 1738 Scit
157 1674 239 1736 nibil
250 1695 313 1736 esse
325 1695 428 1736 meum
440 1719 449 1751 ,
463 1696 516 1736 sua
528 1676 581 1738 sed
594 1675 653 1736 sibi
667 1677 746 1736 dona
760 1688 927 1738 recurrunt.

73 1768 130 1832 Sic
140 1782 246 1830 tamen
260 1769 378 1852 urgebis
390 1783 424 1832 ut
437 1769 533 1833 adhuc
543 1770 722 1831 temerarius
739 1770 850 1848 intres,

73 1861 152 1925 lnde
167 1863 353 1925 Parisiecem
367 1864 486 1946 placide
500 1865 680 1947 properabis
694 1866 732 1925 ad
745 1885 865 1942 arcem,

77 1957 184 2040 Quam
198 1959 293 2019 modo
308 1959 483 2022 Germanus
496 1958 572 2042 regit
585 1972 615 2020 et
628 1958 797 2044 Dionysius
810 1960 895 2021 olim.

75 2051 111 2115 Si
123 2056 206 2138 pede
218 2055 429 2138 progrederis,
445 2066 588 2115 venerato
603 2051 762 2134 sepulchra
777 2052 927 2130 Remedi,

70 2148 178 2230 Atque
193 2148 239 2231 pii
253 2148 351 2209 fratris
365 2147 569 2230 complectere
582 2146 697 2228 templa
709 2147 871 2210 lllederdi:

75 2241 112 2304 Si
123 2244 183 2311 tibi
197 2242 371 2306 barbaricos
382 2242 558 2304 conceditur
571 2243 616 2304 ire
629 2261 686 2324 per
697 2263 819 2318 amnes,

76 2335 126 2398 Ut
137 2337 259 2420 placide
273 2335 417 2397 Rhenum
431 2337 641 2402 transceudere
656 2338 753 2419 possis
766 2351 796 2398 et
811 2335 967 2412 Histrum,

75 2430 187 2516 Pergis
198 2433 237 2494 ed
251 2431 432 2516 Augustam,
447 2452 506 2512 qua
518 2430 619 2496 Virdo
633 2445 663 2492 et
674 2430 766 2494 Licca
778 2429 939 2509 fluentant,

75 2527 148 2589 lllic
162 2547 231 2589 ossa
244 2547 334 2590 sacrae
347 2527 531 2588 venerabere
544 2526 686 2611 martyris
699 2525 792 2586 Atrae.

76 2622 114 2685 si
126 2634 213 2686 vacat
225 2623 270 2683 ire
284 2623 363 2685 riam
375 2665 384 2700 ,
399 2643 497 2703 neque
509 2635 540 2684 te
552 2620 715 2682 Baioarios
728 2622 844 2698 obstet,

76 2717 153 2799 Qua
165 2718 266 2780 vicina
280 2719 385 2779 sedent
394 2717 554 2780 Rreonum
567 2717 636 2780 loca
646 2762 654 2792 ,
665 2738 759 2802 perge
769 2738 825 2799 per
839 2716 969 2801 Alpem,

76 2813 261 2898 Ingrediens
273 2813 382 2895 rapido
394 2834 451 2893 qua
463 2813 577 2896 gurgite
590 2811 720 2873 volvitur
735 2810 855 2876 Olinus.

76 2907 156 2970 lnde
168 2905 328 2969 Valentini
339 2907 489 2970 benedicti
502 2906 617 2989 templa
629 2908 770 2987 require,

78 3003 200 3064 Norica
212 3023 282 3062 rura
295 3016 401 3085 petens
414 3002 466 3063 ubi
479 3000 588 3062 Birrus
599 3002 726 3062 vertitur
738 3004 845 3077 undis,

82 3095 143 3159 Per
155 3095 297 3157 Dravum
312 3098 372 3157 itur
384 3097 442 3158 iter
455 3141 466 3172 ,
478 3117 579 3178 quase
592 3096 714 3159 castella
726 3099 866 3179 supinant
878 3139 886 3170 ,

83 3189 148 3255 llic
161 3204 307 3254 montana
319 3193 426 3256 sedens
439 3193 472 3254 in
485 3191 562 3256 colle
575 3193 712 3276 superbit
723 3191 876 3276 Aguntus,
