2222 3852
277 341 519 398 nocuerunt
539 327 746 402 mannum.
889 337 949 401 265

111 438 153 500 Et
166 455 276 520 panem
291 435 358 498 coeli
369 456 495 497 nrunere
508 436 592 500 lactis
604 438 665 498 alit.

68 534 144 597 Hoc
157 552 227 615 ergo
240 530 273 590 in
286 550 402 612 sponsae
415 551 495 592 nunc
507 531 619 595 viscere
634 532 728 616 diligit
741 532 825 616 ipse,

112 625 209 706 Quod
221 625 304 706 prius
317 625 349 685 in
362 636 489 686 matrem
501 623 571 709 legit
583 625 700 689 honore
712 648 804 691 sacer.

68 722 201 785 Pectora
214 719 336 780 liberius
347 732 483 800 penetrat
495 720 553 780 sihi
567 721 684 804 cognita
697 721 754 783 soli
763 766 777 801 2

110 814 154 876 Et
165 835 225 894 quo
238 834 330 874 nemo
343 814 399 898 suit
409 813 504 875 loetior
517 814 608 874 intrat
621 815 686 876 iter.

70 909 149 971 Haec
159 928 211 970 sua
224 907 361 968 membra
373 921 480 990 putans
490 930 555 988 quae
568 909 650 970 nulla
660 910 769 993 injuria
780 910 888 994 fuscat,

112 1001 194 1082 Quae
206 1023 302 1083 neque
315 1013 381 1062 sunt
392 1002 453 1063 alio
466 1003 643 1084 participata
655 1005 731 1065 viro.

69 1095 158 1159 Mitis
171 1097 205 1157 in
215 1096 323 1158 aflectu
334 1109 436 1178 pectus
451 1096 662 1179 complectitur
675 1098 767 1175 illud,

112 1189 279 1272 Promptus
290 1210 394 1252 amore
408 1191 510 1252 colens
524 1213 584 1272 quo
598 1191 673 1252 alter
685 1206 801 1254 amator
812 1194 905 1257 abest.

74 1283 155 1350 Cum
166 1304 219 1345 sua
230 1304 319 1368 regna
331 1282 417 1345 Deus
429 1286 542 1367 pariter
554 1286 624 1349 velit
635 1287 775 1348 omnibus
788 1309 870 1366 esse,

114 1378 189 1441 Hoc
199 1399 361 1440 commune
373 1391 474 1440 tamen
491 1378 627 1442 Christus
640 1381 750 1442 habere
764 1381 846 1466 sugit.

73 1472 135 1536 Per
145 1473 342 1556 paradisiacas
355 1473 458 1555 epulas
471 1474 554 1555 cupit
567 1495 630 1535 esse
644 1474 794 1552 cohaeres,

112 1567 292 1650 Virgineam
305 1567 384 1629 solus
396 1567 459 1629 vult
468 1568 603 1629 habitare
617 1569 754 1629 domum.

76 1659 183 1724 Castra
193 1661 344 1741 pudicitiae
357 1661 465 1723 melius
478 1683 530 1723 rex
541 1663 605 1744 ipsc
621 1674 736 1737 tuctur,

115 1754 150 1816 Si
163 1756 222 1816 sihi
235 1775 297 1815 non
310 1754 402 1816 violet
415 1757 502 1817 turha
512 1757 609 1818 dicata
622 1756 724 1819 fidem.

72 1851 144 1934 lpse
157 1851 342 1913 voluntatem
354 1851 379 1911 si
394 1850 501 1911 viderit
513 1871 575 1912 esse
587 1849 726 1926 fidelem,

116 1942 238 2026 Proque
250 1946 310 2006 suis
323 1943 442 2005 famulis
452 1944 503 2005 hic
516 1941 601 2005 Deus
612 1963 696 2004 arma
709 1957 799 2006 tenet.

75 2035 204 2116 Lerina,
219 2039 344 2122 clypeo,
358 2037 442 2122 galea
452 2038 614 2121 praemunit
627 2051 796 2116 amantem,

121 2131 158 2194 Et
169 2132 281 2194 stabilit
293 2132 422 2194 solidum
436 2132 548 2192 montis
561 2131 591 2191 in
605 2151 671 2194 arce
683 2134 817 2215 gradum.

74 2227 223 2291 Balistam
235 2226 366 2310 jaculans
377 2247 434 2308 pro
449 2239 477 2288 tc
490 2247 561 2287 mox
574 2226 631 2286 exit
645 2225 676 2285 in
687 2227 823 2302 hostem,

118 2319 229 2382 Perdat
240 2333 272 2381 ut
286 2320 489 2400 adversos'qni
502 2320 562 2394 tibi¹
571 2319 652 2380 bella
665 2332 797 2382 movent.

78 2414 183 2479 Currit
195 2416 232 2475 ad
245 2415 397 2497 amplexus
409 2427 477 2496 post
489 2413 592 2496 praelia
603 2427 684 2497 gesta
693 2414 898 2496 triumphans,

117 2509 248 2594 lnfigcns
259 2509 346 2570 labiis
359 2509 460 2572 oscula
471 2520 549 2571 easta
560 2507 660 2570 sacris.

76 2602 252 2680 Blanditur,
265 2603 396 2678 refovet,
411 2616 585 2678 veneratur,
597 2602 743 2676 honorat,
759 2601 937 2681 obumbrat,

118 2695 160 2758 Et
169 2696 247 2759 locat
259 2697 289 2756 in
301 2697 432 2758 thalamo
446 2696 583 2759 membra
596 2695 704 2777 pudica
714 2714 778 2758 suo.

77 2789 205 2876 Syderei
217 2811 358 2872 proceres
371 2792 408 2851 ad
421 2791 501 2874 regia
512 2803 581 2853 vota
593 2789 781 2869 frequentes,

120 2881 268 2946 Certatim
281 2885 404 2948 veniunt
416 2885 645 2970 agglomerando
659 2883 794 2946 chorum.

77 2975 153 3059 Quo
164 2991 272 3060 praeter
280 2979 424 3042 cherubin
432 3023 443 3057 ,
451 2977 608 3060 seraphin,
620 2977 810 3058 reliquosque
818 2977 933 3053 beatos,

118 3070 257 3156 Aligeros
268 3073 394 3136 comites
406 3093 480 3153 quos
492 3073 565 3156 tegit
575 3072 682 3133 umbra
695 3070 774 3148 Dei,

75 3163 133 3228 Bis
145 3167 284 3229 duodena
295 3187 401 3229 senum
415 3178 570 3240 concursat
580 3164 675 3251 gloria
687 3177 806 3241 vatum,

747 3256 786 3318 23
