2222 3852
293 345 535 402 POEMATUM
556 347 689 405 LIBER
710 351 760 403 Vc
874 386 876 389 -
899 335 961 413 203

70 440 225 525 Amplexu
238 441 321 523 cujus
334 439 394 501 siut
406 439 485 502 colla
497 441 630 504 revincta
642 442 698 502 sub
711 455 793 520 uno,
880 454 892 474 ’-

73 537 117 599 Et
126 536 238 598 multos
251 533 378 617 placidis
390 535 537 618 peragatis
549 535 662 597 lusibus
673 555 778 598 annos.

73 619 147 694 Hoc
159 630 234 692 velit
246 629 425 690 alterutrum
437 630 578 712 quicquid
593 628 729 692 dilexerit
740 630 831 709 alter,

73 724 180 807 AEqua
190 723 271 787 salus
282 724 429 790 ambobus
441 736 505 801 eat,
520 726 580 786 duo
594 737 719 806 pectora
731 739 845 805 servet,

75 819 163 882 Unus
175 839 269 882 amor
279 819 349 880 viro
360 818 537 880 solidamine
550 819 666 902 junctus
679 819 796 884 alescat.

1 973 4 1008 ,
73 913 231 998 Auspiciis
242 913 348 974 vestris
361 925 538 976 cunctorum
550 913 658 997 gaudia
669 926 807 1000 surgant,

73 1005 188 1072 Pacem
202 1008 335 1068 muudus
346 1019 443 1082 amet,
457 1006 563 1070 victrix
574 1009 738 1069 concordia
749 1021 863 1094 regnet.
919 1057 921 1061 Α

2 1093 3 1102 ’
78 1098 128 1164 Sic
137 1101 255 1162 iterum
268 1101 344 1161 natis
357 1099 515 1163 celebretis
528 1113 597 1162 vota
609 1114 764 1182 parentes,

1 1254 7 1274 ,
76 1192 116 1256 Et
127 1197 164 1258 tle
177 1206 323 1256 natorum
337 1193 462 1255 teneatis
472 1193 560 1276 prole
573 1208 708 1276 nepotes.

177 1352 465 1405 11.1NLAU1)EM
485 1331 715 1406 stouuunrr
734 1353 860 1407 neers

241 1441 361 1496 A'l'QUB
378 1444 519 1483 REGINAE
536 1443 810 1485 uuunuctttums.

77 1529 212 1612 Vtcrolt
224 1547 265 1609 ab
277 1567 399 1626 occasu,
413 1572 504 1631 quern
517 1551 580 1612 laus
593 1552 724 1613 extendit
735 1552 766 1613 in
781 1566 898 1632 ortum,

121 1643 161 1704 Et
172 1643 248 1706 lacit
259 1645 410 1728 egregium
423 1646 571 1728 principis
584 1667 647 1707 esse
659 1659 757 1728 caput.

78 1737 159 1820 Quis
172 1737 232 1798 tibi
243 1737 332 1821 digna
343 1738 435 1817 lerat,
447 1761 519 1801 nam
531 1761 581 1802 me
594 1741 642 1802 vel
654 1740 754 1803 dicere
768 1744 885 1823 pauca?

116 1833 198 1896 Nou
211 1833 303 1894 trahit
314 1833 484 1917 ingenium,
498 1835 551 1897 secl
564 1848 631 1896 tuus
644 1848 727 1918 urget
740 1856 838 1898 amor.

79 1927 114 1991 si
123 1947 209 1990 nunc
222 1925 385 2011 Virgilius,
400 1929 426 1990 si
439 1927 564 1991 forsitan
576 1941 653 1991 esset
667 1928 840 2009 Homerus,

119 2023 153 2084 N
156 2021 263 2084 omine
276 2023 314 2086 de
325 2035 426 2086 vestro
438 2026 498 2107 jam
511 2023 661 2108 legeretur
674 2045 760 2106 opus.

76 2115 242 2202 Sigeberte
255 2128 378 2197 potens,
390 2117 542 2202 generosis
553 2117 633 2180 clare
647 2117 824 2199 triumphis,

122 2211 213 2274 Hinc
225 2230 303 2272 nova
314 2222 342 2272 te
353 2211 464 2289 virtus,
478 2212 620 2294 praedicat
633 2212 703 2274 iude
716 2233 819 2296 genus.

83 2303 180 2388 Cujus
192 2317 280 2387 rapta
290 2305 385 2367 semel
395 2307 522 2390 sumpsit
534 2307 659 2370 victoria
671 2325 805 2388 pennas,

122 2397 168 2461 Et
180 2413 232 2462 tua
243 2399 391 2484 vulgando
405 2420 551 2482 prospera
564 2401 640 2464 lacta
652 2401 741 2463 volat.

80 2493 206 2556 Saxona
216 2493 372 2579 'l'horingo
386 2508 505 2556 resonet
515 2515 567 2557 sna
582 2497 691 2556 damna
704 2505 877 2569 moventes,

125 2586 231 2650 Unius
242 2590 280 2650 ad
293 2589 413 2652 laudem
425 2602 469 2652 tot
479 2590 621 2653 cecidisse
632 2590 722 2652 viros.

82 2682 183 2766 Quod
197 2695 268 2746 tunc
278 2696 346 2745 ante
359 2684 456 2746 aciem
469 2685 596 2766 pedibus
609 2683 695 2765 prior
709 2681 850 2744 omnibus
863 2682 930 2762 isti,
1013 2678 1016 2684 ’

128 2777 217 2840 Hinc
230 2779 322 2838 modo
333 2791 363 2838 te
374 2799 457 2862 reges
468 2779 547 2839 unde
559 2789 718 2857 sequantur
731 2776 854 2837 habent.

82 2871 293 2955 Prosperitate
305 2891 385 2934 nova
396 2891 504 2953 pacem
517 2884 567 2932 tua
578 2871 659 2933 bella
673 2870 837 2947 dederunt,

126 2964 171 3027 Et
183 2957 302 3047 peperit
313 2965 427 3049 gladius
439 2965 545 3050 gaudia
559 2977 640 3028 certa
653 2977 728 3025 tuus.

82 3056 162 3120 Plus
174 3070 277 3118 tamen
288 3071 321 3118 ut
333 3057 470 3140 placeas,
485 3078 554 3120 cum
568 3056 606 3118 sit
618 3056 744 3118 victoria
755 3056 885 3136 jactans,

129 3151 183 3214 Tu
194 3150 288 3235 magis
299 3153 380 3213 unde
391 3151 490 3229 subis,
504 3151 608 3213 mitior
620 3151 690 3211 inde
705 3167 818 3209 manes.
