2218 3862
168 300 230 367 888
413 315 447 372 V.
471 317 508 372 ll.
535 315 790 377 FORTUNATI

209 406 318 469 Praelia
329 410 425 472 robur
436 411 512 493 agit,
527 413 661 474 carmina
673 413 747 475 lima
757 416 847 496 polit:

167 502 298 587 Legibus
308 524 394 565 arma
404 505 499 588 regis,
513 519 542 567 et
555 505 634 589 leges
647 507 750 591 dirigis
763 513 875 589 armis,

207 599 291 660 Artis
306 599 429 660 diversae
440 599 483 660 sic
495 599 585 660 simul
597 600 657 660 itur
669 601 735 662 iter.

167 693 297 760 Discere
308 694 335 754 si
349 693 442 775 possit
455 706 555 756 rector
565 707 616 754 tua
628 694 743 778 singula
755 697 908 777 quisquis,

210 787 366 850 Ornarent
378 787 479 869 plures
491 809 557 866 quac
569 788 650 848 bona
661 788 742 849 solus
755 789 826 872 agis.

168 883 230 946 Sed
242 897 342 945 tamen
354 882 418 942 haec
429 895 569 942 maneant
582 895 612 943 et
622 896 756 944 crescant
767 905 917 966 prospera
932 890 1036 968 vobis,

210 979 250 1040 Et
265 979 352 1042 liceat
363 976 441 1038 solio
455 976 673 1057 multiplicante
687 977 767 1038 frui:

169 1075 307 1157 conjuge
321 1093 389 1135 curn
402 1069 604 1151 propriaque
616 1091 741 1154 regnum
752 1073 891 1136 moribus
904 1092 1015 1158 ornat,

204 1167 356 1250 Principis
368 1178 398 1226 ct
410 1163 530 1226 culmen
543 1165 720 1246 participata
735 1168 818 1250 regit.

166 1264 298 1326 Provida
311 1259 459 1334 co'nsiliis,
473 1257 586 1334 solers,
599 1272 699 1332 cauta,
714 1260 796 1320 utilis
810 1262 902 1341 aulae,

205 1356 332 1440 Ingenio
346 1352 479 1434 pollens,
493 1372 619 1413 munere
634 1352 713 1436 larga
725 1353 859 1434 placens.

164 1452 323 1514 Omnibus
334 1446 479 1510 excellens
492 1447 608 1506 meritis
622 1445 826 1531 Fredegunrlis
841 1451 968 1532 opima,

207 1545 307 1623 Atque
319 1561 425 1604 serena
436 1561 488 1601 suo
502 1539 594 1622 fulget
607 1541 644 1600 ab
658 1561 711 1602 ore
725 1542 797 1602 dies.

165 1635 260 1722 Regia
274 1635 472 1720 magnanimis
484 1652 622 1698 curarum
637 1636 772 1715 pondera
785 1649 932 1716 portans,

207 1731 254 1793 Te
267 1731 401 1792 bonitate
416 1729 534 1803 colens,
545 1727 671 1788 utilitate
682 1730 796 1809 juvans.

167 1825 237 1904 Qua
250 1824 363 1907 pariter
374 1834 473 1882 tecum
486 1823 662 1883 moderante
676 1821 784 1902 palatia
796 1839 958 1903 crescunt,

209 1917 304 2000 Cujus
317 1929 346 1977 et
359 1915 468 1975 auxilio
483 1914 570 1975 llorct
580 1916 696 1976 honore
709 1917 825 1976 domus.

164 2011 315 2098 vQuurens
328 2010 407 2070 unde
420 2009 486 2068 viro
500 2008 689 2089 duplicentur
702 2022 771 2069 vota
783 2009 906 2088 salutis,

204 2104 247 2168 Et
258 2105 312 2168 tibi
325 2101 498 2165 mer'cedem
511 2103 548 2162 de
564 2101 746 2184 Radegunde
760 2103 839 2163 lacit.

163 2202 243 2282 Quae
253 2198 372 2260 meritis
384 2195 517 2279 propriis
529 2195 652 2276 effulges
664 2195 760 2278 gloria
773 2196 869 2279 regis,

203 2293 246 2355 Et
256 2293 357 2376 regina
369 2312 421 2352 suo
435 2291 512 2352 lacta
524 2309 637 2351 corona
650 2291 725 2354 viro.

159 2388 318 2469 Tempore
330 2388 385 2448 sub
399 2385 492 2468 longo
502 2382 566 2446 hacc
577 2397 607 2444 tc
619 2384 716 2446 fructu
729 2384 824 2465 prolis
836 2385 991 2465 honoret,

204 2480 312 2564 Surgat
324 2493 354 2541 et
364 2481 434 2541 inde
447 2499 543 2560 nepos
556 2491 587 2539 ut
598 2479 752 2540 renoveris
765 2497 844 2540 avus.

159 2575 242 2658 Ergo
258 2574 398 2636 Creatori
413 2574 558 2635 referatur
566 2573 663 2654 gratia
676 2573 781 2656 digne,

201 2667 243 2728 Et
254 2667 321 2746 cole
335 2688 385 2728 rex
397 2688 498 2750 regem
514 2667 566 2746 qui
580 2667 634 2726 tibi
648 2665 763 2746 praebet
776 2687 878 2748 opem.

161 2760 234 2826 Hoc
244 2773 342 2823 serve-t
354 2761 543 2840 cumuletque
554 2761 688 2834 bonum,
703 2755 774 2821 narn
787 2773 889 2821 rector
901 2761 943 2823 ab
957 2761 1017 2824 alto

204 2851 320 2917 Omnia
332 2855 412 2917 solus
424 2855 528 2928 habet,
542 2854 595 2933 qui
607 2854 663 2914 tibi
676 2855 770 2915 multa
783 2855 875 2915 dedit.

159 2951 212 3015 Da
224 2951 360 3026 veniam,
375 2949 488 3024 victor,
500 2960 551 3008 tua
563 2969 613 3008 me
625 2947 777 3028 praeconia
789 2948 931 3024 vincunt,

203 3045 275 3107 Hoc
288 3063 406 3126 quoquc
419 3043 499 3122 quod
512 3062 655 3124 superor,
670 3041 703 3102 fir
714 3041 771 3102 tibi
783 3043 881 3122 major
892 3043 1005 3105 honor.

158 3135 304 3197 Parvulos
315 3150 388 3218 opto
399 3149 500 3197 tamen
512 3135 556 3197 sic
569 3155 716 3216 prospera
728 3147 796 3197 rota
808 3137 992 3214 secundent,
