2230 3838
289 323 522 380 Poenorum
544 325 673 382 LIBER
697 331 734 385 11.
900 318 958 381 133

111 410 252 475 Nomine
264 435 323 496 pro
339 412 453 478 Christi
464 417 578 480 dulcius
588 439 651 482 esse
665 422 755 484 mori.

72 503 197 569 Pectore
209 507 358 592 belligero
369 523 508 591 poterant
520 513 572 593 qni
584 513 703 577 vincere
717 516 818 596 serroj

115 600 245 663 Invitant
256 604 365 686 jugulis
377 604 498 667 vulnera
511 627 580 668 cara
591 609 660 669 suis.

76 691 241 757 Hortantes
252 717 285 757 se
297 699 376 760 caede
389 700 495 761 suasio
508 701 553 762 ire
567 702 622 762 sub
637 714 732 780 astra,

116 787 203 849 Alter
216 791 248 850 in
262 789 382 852 alterius
395 794 474 855 coede
488 794 597 855 natavit
608 795 707 859 heros.

74 879 195 964 Adjuvit
206 884 326 965 rapidas
340 883 481 946 Rhodani
495 887 561 948 lons
574 891 723 973 sanguinis
736 893 849 970 undas,

112 975 219 1037 'l'inxit
231 989 261 1036 et
273 975 399 1058 Alpinas
412 979 457 1039 ira
466 995 591 1042 cruenta
601 983 695 1046 nives.

72 1066 142 1129 Tali
154 1070 217 1132 fine
229 1070 316 1152 polos
326 1072 396 1134 felix
410 1075 554 1141 exercitus
568 1076 700 1153 intrans,

114 1163 247 1226 Jonotus
258 1165 431 1246 apostolicis
440 1167 556 1248 plaudit
567 1169 683 1232 honore
697 1170 820 1254 chorin]

77 1254 216 1341 Cingitur
230 1256 364 1340 angelico
376 1259 468 1320 virtus
479 1261 612 1322 trabeata
623 1277 747 1339 senatu,

114 1349 204 1412 Mors
217 1350 274 1410 snit
287 1352 364 1412 unde
377 1352 477 1434 prins,
492 1352 540 1414 lux
554 1355 635 1418 foret
648 1357 718 1417 inde
732 1357 823 1420 viros.

71 1439 154 1508 Ecce
166 1444 406 1524 triumphantum
420 1447 525 1508 ductor
537 1447 700 1509 fortissime
715 1462 812 1512 tecum
824 1494 834 1528 ,

114 1536 259 1618 Quatuor
270 1537 321 1600 hic
332 1559 495 1618 procerum
509 1540 636 1623 pignora
647 1555 746 1604 sancta
758 1545 866 1626 jacent.

78 1627 140 1692 Sub
152 1630 236 1692 luteo
250 1630 367 1691 tumulo
382 1630 475 1691 latitat
491 1633 610 1695 coeleste
622 1635 784 1712 talentum,

114 1723 307 1805 Divitiasquc
321 1723 382 1786 Dei
395 1724 462 1787 vilis
475 1745 566 1786 arena
577 1729 657 1810 tegit.

76 1818 143 1900 Qui
155 1819 270 1880 iaciunt
282 1837 398 1880 sacrum
412 1820 543 1901 paradisi
556 1842 689 1884 crescere
701 1843 842 1902 censum,

120 1913 269 1974 Haeredes
281 1913 397 1973 domini
410 1913 476 1975 lnce
489 1934 624 1995 perenne
638 1915 708 1977 dati.

81 2005 216 2092 Sydereo
230 2005 337 2067 chorus
347 2007 401 2067 iste
413 2007 524 2068 throno
536 2028 604 2069 curn
616 2027 706 2071 carne
720 2010 880 2090 locandus,

121 2097 205 2162 Cum
218 2098 319 2159 reniet
329 2101 433 2182 judex,
447 2101 559 2184 arbiter
568 2102 651 2162 orbis
663 2103 729 2166 erit.

78 2193 131 2256 Sic
143 2193 197 2275 pia
210 2191 297 2252 turba
307 2193 396 2254 simul
410 2193 551 2254 festinans
564 2215 687 2258 cernere
703 2194 876 2276 Christum,

119 2286 166 2348 Ut
180 2285 273 2347 coelos
286 2298 419 2367 peteret,
435 2289 471 2348 de
485 2308 559 2350 nece
572 2289 642 2352 lecit
655 2290 722 2350 iter.

79 2379 265 2444 Fortunatus
277 2379 360 2442 enim
372 2401 429 2461 per
441 2379 551 2464 fulgida
563 2384 642 2443 dona
652 2380 817 2458 Tonantis,

120 2473 173 2536 Ne
181 2474 316 2536 tenebris
328 2474 461 2552 crucier,
474 2497 574 2556 quaeso
585 2476 685 2538 seratis
697 2497 799 2558 opern.

83 2621 150 2674 xlv.
156 2620 210 2672 DE
221 2619 361 2674 SANOEO
371 2621 516 2675 alsamo
528 2619 762 2675 PICTAVORUM
773 2621 956 2678 EPlSCOPO.

85 2728 125 2811 Sr
139 2750 296 2812 Hilarium
309 2749 415 2830 quaeris
427 2749 477 2829 qni
487 2748 525 2809 sit
537 2768 733 2832 cognoscere,
746 2748 857 2824 lector;

122 2844 306 2927 Allobroges
316 2844 448 2906 releront
461 2841 601 2905 Pictaviis
611 2843 753 2926 genitum.

85 2937 167 3002 Cum
179 2937 329 3020 populum
343 2948 457 3020 regeret
468 2935 569 2998 divina
581 2948 680 2997 mente
691 2938 843 3012 sacerdos,

125 3030 275 3094 Servabat
287 3030 359 3115 legis
370 3030 481 3091 foedera
492 3027 644 3092 sollicitus

85 3126 253 3212 lmprobus
264 3137 296 3187 nt
308 3125 382 3188 vidit
391 3123 495 3208 plebes
508 3125 589 3206 quod
600 3123 749 3187 scinderet
761 3141 861 3198 error,

763 3234 799 3274 ιι
