2218 3862
158 321 221 388 316
418 332 451 382 v.
470 333 504 384 n.
525 333 777 388 socruum

198 429 240 490 Et
251 445 323 510 vaga
333 426 509 507 pampineas
520 428 641 488 ventilat
653 447 723 489 aura
737 449 846 490 comas.

160 521 306 587 Cautibus
319 522 435 582 insertae
448 522 607 583 densantur
618 523 650 582 in
663 523 768 583 ordine
782 523 872 597 vites,

197 608 298 695 Atque
310 613 504 695 supercilium
517 615 617 698 regula
628 616 709 696 picta
721 616 805 695 petit.

157 709 248 775 Culta
260 711 356 770 nitent
369 709 446 768 inter
457 710 609 769 horrentia
621 729 688 770 saxa
700 709 833 785 colonis,

195 802 234 864 In
246 803 361 884 pallore
375 816 466 882 petrae
478 802 546 862 vitis
557 822 675 862 amoeua
685 801 781 862 rubet.

157 897 274 978 Aspera
286 896 416 956 mellitos
430 896 550 976 pariunt
561 896 603 957 ibi
616 915 682 956 sara
693 915 847 972 racemos,

198 989 240 1050 Et
252 1003 318 1051 cote
330 991 361 1050 in
374 989 468 1051 sterili
482 989 586 1050 fertilis
601 1010 657 1050 uva
669 988 775 1070 placet.

158 1081 231 1164 Quo
245 1084 344 1144 vineta
355 1085 424 1164 jugo
437 1081 521 1143 calvo
533 1084 588 1144 sub
601 1096 704 1143 moute
716 1093 890 1160 comantur,

198 1175 240 1239 Et
252 1176 322 1259 tegit
333 1176 490 1238 umbrosus
502 1177 581 1238 sicca
594 1176 713 1238 metalla
727 1177 818 1238 viror.

155 1272 232 1333 Inde
245 1271 391 1333 coloratas
402 1270 536 1351 decerpit
549 1271 761 1346 vinitorum,

199 1363 339 1445 Rupibus
353 1385 501 1445 appensus
515 1366 627 1444 pendet
639 1377 671 1424 et
683 1367 747 1446 ipse
760 1363 869 1446 legens.

157 1457 293 1520 Delicias
305 1458 400 1520 oculis
412 1457 502 1518 habui
516 1459 702 1540 dapibusque
715 1458 846 1534 cibatus,

200 1553 277 1614 Haec
289 1553 418 1633 jocunda
430 1565 534 1613 tenens
545 1552 643 1614 navita
656 1571 746 1636 regna
759 1569 896 1630 sequens.

158 1644 367 1726 llincquoque
377 1647 470 1707 ducor
478 1646 662 1726 aquisquase
674 1660 736 1707 rate
746 1643 882 1708 Contrua
889 1642 1039 1725 complet,

202 1737 276 1816 Quo
289 1739 345 1797 suit
358 1739 513 1818 antiquum
525 1739 681 1802 nobilitate
692 1751 791 1820 caput.

158 1829 240 1891 Tum
253 1831 342 1890 venio
356 1850 459 1908 quase
472 1834 532 1893 duo
545 1832 670 1894 flumina
681 1831 798 1896 conflua
809 1833 954 1912 jungunt,

203 1921 287 1985 HInc
300 1920 424 1983 Rhenus
437 1945 596 2006 spumans,
610 1927 680 1988 inde
694 1924 823 1986 Mosella
836 1924 928 1985 ferax.

163 2013 268 2078 Omne
283 2037 337 2098 per
349 2016 423 2079 illud
436 2018 494 2079 iter
505 2021 657 2083 servibant
668 2018 914 2104 piscibusundae,

205 2109 339 2192 Regibus
351 2124 381 2169 et
393 2113 525 2170 dominis
537 2109 625 2190 copia
638 2109 733 2170 fervet
745 2109 838 2189 aquis.

162 2203 195 2266 N
199 2225 215 2266 e
229 2217 330 2264 tamen
344 2203 405 2264 ulla
417 2203 491 2264 mihi
503 2203 630 2265 dulcedo
644 2205 757 2264 deesset
770 2203 868 2280 eunti,

206 2295 353 2359 Pascebar
366 2298 458 2358 musis
471 2316 541 2358 aure
553 2298 677 2378 bibente
691 2296 796 2358 melos.

159 2390 298 2458 Yocibus
310 2393 435 2454 excmsis
447 2392 604 2472 pulsabant
615 2410 725 2475 organa
739 2404 875 2465 montes,

204 2483 441 2564 Reddebantque
454 2505 523 2546 suos
537 2485 668 2566 pendula
680 2503 746 2546 saxa
759 2498 873 2565 tropos.

163 2576 294 2639 Laxabat
305 2578 439 2659 placidos
450 2599 519 2640 mox
530 2599 607 2640 aerea
620 2578 678 2640 tela
690 2597 843 2652 susurros,

207 2670 376 2752 Respondit
388 2673 490 2733 cannis
502 2663 601 2734 rursus
613 2673 651 2734 ab
665 2673 733 2752 alpe
746 2670 849 2731 frutex.

164 2763 259 2827 Nunc
272 2763 400 2826 tremulo
414 2765 553 2840 fremitu,
567 2768 660 2828 modo
672 2766 763 2847 plano
776 2761 889 2826 musica
898 2774 1003 2836 cantu,

207 2857 292 2918 Talis
304 2879 377 2942 rupe
390 2871 491 2934 sonat,
504 2859 598 2939 qualis
611 2861 649 2922 ab
661 2881 720 2921 aere
733 2871 823 2922 meat

169 2950 314 3016 Carmina
327 2951 434 3014 divisas
445 2954 569 3036 jungunt
581 2954 738 3015 dulcedine
751 2952 847 3032 ripas,

212 3040 350 3108 Collibus
363 3059 392 3110 et
404 3044 502 3107 lluviis
512 3066 570 3108 vox
582 3060 644 3108 erat
656 3066 716 3108 una
727 3045 833 3125 tropis.

124 3204 128 3212 ,
172 3137 244 3216 Quo
258 3154 371 3202 recreet
382 3138 545 3223 populum,
559 3140 618 3204 hoc
628 3140 753 3224 exquirit
762 3136 855 3223 gratia
867 3153 987 3217 regum,
