2222 3844
170 327 210 414 76
428 341 461 394 V.
483 340 519 393 H.
541 339 792 395 FORTUNATI

171 431 333 514 Comperit
347 444 378 494 ut
390 444 507 495 sanctus
520 430 623 494 feralia
635 433 714 514 jussa
726 432 833 517 satagi,

168 527 325 608 Tempore
337 527 392 588 sub
404 526 501 589 noctis
512 546 589 588 saeva
598 526 785 609 adpraetoria
796 526 910 604 tendit,

169 621 211 683 Et
223 622 343 704 pietatis
358 622 415 682 iter
426 620 506 683 solus
518 633 604 703 parat
618 621 663 682 ire
676 621 783 682 viator.

170 714 313 778 Pervenit
325 729 356 778 ut
367 716 469 777 senior
479 736 579 800 gressu
590 716 769 777 miseranter
781 715 910 792 anhelo,

170 809 322 871 Sternitur
334 823 402 871 ante
416 810 496 871 fores
509 831 565 892 per
577 809 684 871 limina
697 811 763 872 dira
773 811 936 894 benignus,

172 903 244 984 Qua
255 905 376 966 recubat
388 906 476 986 judex
488 916 627 985 torpente
639 925 750 986 sopore
764 904 906 986 sepultus.

170 997 302 1082 Angelus
316 999 429 1062 interea
441 1011 578 1078 penetrat
592 1019 662 1059 mox
674 998 767 1082 aliger
780 997 901 1074 aulam,

170 1091 293 1153 Intonat
303 1106 332 1152 et
345 1092 451 1155 comiti
464 1091 639 1152 dormitanti
653 1113 706 1153 ore
719 1092 846 1153 minaci:

171 1184 218 1247 Te
231 1207 325 1268 sopor
336 1187 386 1250 hic
397 1187 525 1261 retinet,
541 1185 693 1248 Martinus
705 1198 761 1248 stat
774 1186 863 1261 soris,
877 1185 994 1266 inquit,

172 1277 221 1341 Tu
234 1282 338 1361 requie
351 1281 477 1360 frueris,
493 1270 523 1342 el
533 1282 657 1343 sustinet
670 1280 720 1342 ille
735 1281 871 1357 labores,

171 1372 312 1437 Molliter
325 1377 389 1458 ipse
403 1377 510 1451 thoro,
525 1378 603 1458 jacet
615 1376 666 1437 ille
680 1377 712 1436 in
724 1396 879 1437 marmore
889 1376 975 1437 duro.

172 1468 329 1532 Excutitur
338 1469 472 1551 trepidus
483 1491 553 1531 mox
565 1492 599 1530 ex
610 1491 719 1532 somno
730 1470 907 1545 Avitianus,

173 1563 342 1626 lllartinum
354 1565 537 1640 exclamans,
551 1565 667 1626 loribus
678 1565 822 1626 recubare
831 1575 999 1641 sacratum,

69 1729 73 1740 Ι
172 1657 308 1741 Imperat
322 1673 351 1720 et
365 1659 484 1721 famulis
498 1672 632 1721 reserent
642 1672 674 1720 ut
687 1659 813 1722 claustra
825 1660 934 1735 beato,

144 1749 146 1752 ’
173 1751 225 1814 Ne
238 1774 358 1814 servum
373 1752 488 1814 Christi
503 1755 707 1815 venerandum
721 1753 830 1835 injuria
840 1765 934 1816 vexet.

176 1845 261 1909 Hinc
274 1846 378 1907 famuli
392 1847 521 1908 illudunt
533 1848 660 1908 domino
673 1848 839 1928 crepitante
852 1846 1022 1924 cachinno,

174 1940 321 2002 Dicentes
332 1941 444 2022 stupidi
457 1963 489 2002 sc
502 1942 622 2002 somnia
632 1962 707 2003 vana
720 1942 840 2017 videre,

176 2033 244 2096 Prae
257 2035 372 2097 loribus
383 2035 500 2097 nullum
513 2036 643 2097 residere
656 2036 704 2098 vel
719 2057 783 2098 esse
796 2035 942 2097 virorum.

176 2129 292 2192 Rursus
305 2131 454 2212 praecipiti
468 2130 617 2212 premitur
629 2149 738 2191 somno
750 2129 923 2204 Avitianus,

176 2225 309 2309 Angelus
320 2225 390 2286 inde
404 2226 502 2287 virum
517 2222 679 2285 violentior
689 2224 794 2285 excitat
807 2243 932 2305 urgens,

180 2317 324 2382 Concutit
337 2334 366 2381 et
379 2319 508 2403 graviter
520 2339 558 2378 ne
573 2318 692 2380 cederet
705 2318 770 2399 ipse
783 2317 897 2397 sopori.

177 2413 314 2477 Territus
326 2415 398 2477 hinc
410 2415 513 2496 judex,
528 2412 605 2472 ultra
616 2433 714 2491 neque
728 2410 865 2473 credulus
876 2409 948 2485 ulli,

180 2507 359 2591 Postpositis
370 2507 508 2582 famulis,
524 2507 605 2569 celer
618 2507 655 2566 ad
668 2527 721 2566 sua
733 2505 840 2566 limina
853 2504 966 2586 pergit,

178 2603 279 2683 Atque
291 2603 335 2663 ibi
348 2601 516 2663 lllartinum
529 2600 644 2682 reperit
657 2604 712 2662 cen
725 2611 856 2661 senserat
873 2598 958 2659 olim.

179 2697 268 2760 Tunc
276 2697 355 2759 ferus
366 2696 527 2778 alloquitur
540 2708 676 2757 sanctum
688 2694 735 2754 his
746 2693 870 2779 vocibus
880 2691 960 2753 ultro
974 2715 981 2749 ε

182 2791 268 2873 Quid
283 2790 415 2853 lllartine
428 2790 504 2852 mihi
516 2790 588 2852 facis
600 2789 660 2851 hoc
672 2789 841 2850 venerande
856 2786 1021 2848 sacerdos?

181 2886 257 2948 Non
269 2907 388 2949 mecum
402 2885 509 2966 aequali
520 2884 617 2945 fateor
630 2882 793 2945 certamine
802 2901 932 2964 pugnas,

183 2980 377 3043 Absolvendo
390 3001 458 3041 reos
471 2979 572 3052 venis,
586 2990 615 3038 et
629 2997 679 3038 me
692 2976 818 3036 verbere
830 2987 982 3054 torquens.

184 3077 233 3138 An
248 3097 297 3137 me
310 3096 367 3157 pro
382 3073 495 3138 cunctis
509 3091 611 3154 poenas
624 3069 780 3132 absolvere
793 3069 906 3143 mavis,

184 3168 280 3254 Eligis
293 3182 342 3230 aut
355 3169 469 3234 facinus
481 3185 549 3226 mea
561 3185 616 3248 per
630 3175 779 3248 tormenta
792 3163 924 3246 pacisci?
