2230 3838
296 323 539 386 POEMATUM
567 333 697 389 LIBER
719 333 741 388 Ι.
911 345 968 412 107

80 421 144 486 Hic
155 421 279 504 sculptae
291 443 419 485 camerae
430 424 520 486 decus
532 423 699 486 interrasile
713 427 842 508 pendet,

124 515 212 598 Quos
222 517 342 599 pictura
353 518 447 594 solet,
461 517 540 602 ligna
554 519 663 581 dedere
675 522 770 602 jocos.

81 608 220 694 Sumpsit
230 613 396 696 imagineas
409 613 508 695 paries
519 613 688 675 simulando
703 615 825 699 figuras:

123 704 202 785 Quae
215 728 315 787 neque
330 720 405 770 tecta
418 708 522 789 prius,
535 708 599 770 haec
612 710 705 771 modo
718 711 799 792 picta
813 714 918 776 nitent.

79 798 176 862 Urbis
191 801 365 865 Santonica
378 803 494 884 primus
507 802 564 863 suit
575 803 630 864 iste
643 805 798 868 sacerdos:

119 894 163 956 Et
174 896 232 957 tibi
248 897 300 976 qui
314 917 435 979 reparas
447 900 512 979 jura
523 898 628 980 priora
641 899 733 960 dedit.

75 988 161 1054 Cum
175 1011 230 1053 sua
243 991 358 1072 templa
371 1004 452 1052 tenet
465 1005 582 1054 sanctus
593 992 756 1056 habitando
770 994 886 1076 quiete,

117 1085 318 1148 Instauratori
332 1086 430 1148 reddit
440 1105 544 1148 amore
558 1087 666 1150 vicem.

150 1251 234 1305 xlv.
254 1249 309 1301 DE
328 1246 479 1301 cauce
496 1247 671 1300 LEONTII
688 1248 898 1306 EPlSCOPl.

81 1365 231 1450 Sumtus
247 1384 278 1445 in
293 1404 360 1446 arce
375 1383 437 1446 Dei
452 1384 502 1467 pis
516 1385 596 1445 dona
609 1381 754 1445 Leontius
768 1384 875 1463 offert,
955 1373 957 1376 ¹

121 1481 215 1542 Votis
225 1482 327 1563 juncta
339 1480 431 1542 sacris
445 1492 474 1540 et
489 1478 644 1542 Placidina
655 1479 755 1541 simul.

78 1576 203 1638 Felices
216 1595 347 1655 quorum
360 1574 447 1636 labor
460 1587 502 1636 est
515 1574 658 1636 altaribus
671 1587 773 1656 aptus,

125 1669 285 1753 Tempore
296 1669 348 1750 qui
360 1689 455 1752 parvo
468 1690 530 1732 non
542 1669 676 1752 peritura
689 1670 797 1732 lerunt.

80 1847 188 1900 ΧΉΝ
201 1843 353 1898 LAUDEM
359 1843 504 1898 LEONTII
515 1843 680 1897 EPlSCOPl
688 1843 974 1900 BURDIGALENSIS

133 1939 171 1976 nr
194 1935 371 1987 scaurorum,
396 1937 463 1976 erus
485 1937 554 1975 oum
577 1936 731 1988 courucrs,
754 1937 922 1978 sucannouu

343 2015 418 2054 veno
435 2015 570 2076 sunnone
589 2015 718 2054 sonorus.

86 2118 197 2202 lmtt
210 2158 285 2218 quos
297 2137 399 2221 genuit
411 2135 531 2198 radians
541 2135 737 2216 Aquitanicus
749 2137 828 2215 axis,

128 2233 267 2317 Egregiis
278 2232 395 2293 meritis
408 2231 540 2293 culmina
553 2231 653 2313 prima
666 2244 759 2293 tenes.

91 2327 219 2391 Civibus
230 2348 266 2387 ex
278 2325 376 2388 Gallis
387 2325 591 2408 supereminet
602 2325 661 2386 alta
672 2339 819 2408 potestas:

131 2421 184 2482 Tu
194 2421 298 2504 potior
311 2421 450 2501 reliquis,
466 2435 495 2482 et
509 2421 564 2481 tihi
575 2440 668 2481 nemo
682 2420 778 2502 prior.

91 2516 242 2579 Praecedis
254 2516 381 2590 multos,
397 2515 473 2577 nulli
485 2515 588 2576 minor
599 2527 688 2594 atque
701 2515 865 2592 secundus,
900 2519 902 2524 '

133 2610 203 2673 Nec
213 2625 347 2692 superest
359 2610 472 2692 aliquid
485 2611 567 2690 quod
579 2612 650 2670 dare
664 2610 758 2691 possit
769 2610 877 2674 honor.

94 2705 159 2787 Qui
173 2727 243 2768 cum
255 2726 287 2766 se
298 2706 399 2787 primo
412 2705 529 2767 vestivit
542 2703 618 2766 llore
629 2705 780 2787 juventus,

135 2798 250 2862 Parvus
264 2819 329 2860 eres
340 2801 442 2876 annis,
456 2812 487 2860 et
499 2800 640 2884 gravitate
652 2819 750 2862 senex.

91 2893 210 2956 Versus
222 2896 260 2954 ad
274 2892 424 2977 Hispanas
436 2895 515 2958 acies
526 2915 596 2957 cum
607 2915 676 2979 rege
687 2915 812 2974 sereno,

137 2987 260 3049 Militiae
271 2990 364 3052 crevit
373 2990 474 3072 palma
487 2989 617 3053 secunda
629 3002 696 3050 tuae.

98 3079 194 3165 Cujus
204 3083 349 3165 primitiae
360 3097 444 3146 tanto
455 3084 596 3166 placuere
609 3083 720 3161 relatu,

138 3174 187 3239 Ut
199 3178 316 3242 meritis
329 3192 405 3243 esset
418 3179 535 3244 debitus
548 3179 603 3242 iste
616 3179 731 3264 gradus.
