2222 3852
278 316 516 372 rostrorum
539 320 664 376 muso
686 323 739 374 v1.
888 316 945 399 ²47

60 411 154 494 Saepe
168 411 261 474 etiam
272 412 377 474 videor
390 415 502 476 darete
515 416 567 496 pia
579 417 660 479 dicta
668 417 778 494 relatu,

102 505 174 566 lllic
188 505 266 565 forte
278 517 376 581 taces,
390 506 440 568 hic
453 507 527 567 mibi
538 509 630 569 verba
642 509 744 571 refers.

61 599 137 662 Hoc
151 601 230 660 dete
244 599 343 660 rniurrs
356 612 416 675 est,
431 600 501 678 quia
512 602 621 681 prendi
633 622 695 662 uon
709 615 794 683 potes
807 603 934 680 absens,
1045 677 1048 684 ¹

102 691 190 752 Nam
202 690 283 752 velut
295 691 357 754 illic
368 713 400 752 es
411 705 507 768 totus,
527 707 556 753 et
565 693 615 755 hie
626 715 710 763 urens
723 716 763 756 es.
1013 693 1016 700 ’

60 783 209 868 Qualiter
218 784 410 845 arubosimui
420 786 524 866 paucis
536 786 733 848 habitavimus
743 787 849 865 horis,.

102 877 185 939 Nou
196 877 270 961 sugit
283 899 318 938 ex
332 877 443 953 oculis,
458 880 530 940 dum
543 892 645 941 manet
658 880 712 940 ista
723 881 795 942 dies.
907 939 911 946 .

60 969 209 1032 Misimus
220 991 238 1030 o
252 970 513 1049 quotienstimidis
524 973 739 1056 epigrammata
751 973 879 1048 chartis,
989 1045 993 1050 .

101 1062 150 1123 Et
160 1075 212 1123 tua
224 1083 262 1122 ue
276 1082 409 1138 recreer,
424 1065 532 1145 pagina
546 1078 627 1126 muta
639 1065 714 1126 silet.

65 1153 145 1234 Quis
159 1175 233 1237 rogo
247 1156 349 1215 reddet
361 1176 409 1215 eas
421 1157 503 1217 taciti
517 1178 591 1235 quas
600 1159 754 1238 perdimus
765 1157 872 1218 horas?

101 1246 264 1328 Tempora
275 1267 338 1307 non
351 1261 470 1309 revocat
481 1247 531 1308 iux
542 1249 615 1309 levis
624 1262 712 1329 atque
725 1250 818 1331 fugax.

62 1338 126 1402 Dic
140 1339 236 1399 homo
250 1351 320 1400 note
333 1360 417 1400 meus
428 1341 500 1419 quid
511 1341 589 1423 agis,
606 1342 676 1420 quid
689 1341 784 1406 amice
798 1339 955 1404 recurris?

105 1430 143 1491 Si
156 1444 208 1493 tua
221 1453 289 1492 rura
302 1432 393 1507 colis,
408 1454 461 1494 cur
473 1453 541 1494 mea
554 1445 622 1494 vota
635 1435 743 1516 neges?

68 1522 175 1588 Scribe
186 1545 293 1586 vacans
305 1526 423 1600 auimo,
437 1525 516 1586 refer
528 1526 586 1585 alta
599 1537 738 1606 poemata
750 1546 853 1603 versu,

105 1615 148 1678 Et
160 1618 245 1696 quasi
256 1618 332 1678 ruris
342 1638 443 1700 agrum
458 1639 508 1678 me
521 1619 690 1692 colerere,
705 1618 796 1678 melo.

67 1707 128 1772 Per
140 1710 264 1772 thoraca
274 1731 375 1770 meum
389 1711 479 1771 ducas
492 1731 601 1791 precor
612 1712 673 1770 oris
686 1723 835 1785 aratrum,

105 1801 156 1862 Ut
168 1802 275 1884 linguae
288 1801 387 1862 sulcus
398 1803 457 1864 sint
469 1814 531 1863 sata
544 1816 649 1863 nostra·
658 1815 723 1862 tuae.

65 1893 205 1957 Pectoris
217 1896 295 1958 uude
308 1915 388 1977 seges
400 1895 527 1976 gravidis
540 1896 690 1956 animetur
699 1893 819 1972 aristis,

107 1986 243 2046 Puttolet
256 1999 285 2047 et
299 1999 401 2047 nostro
414 1987 493 2047 farre
507 1987 613 2066 novale
627 1988 715 2048 ferax.

64 2081 152 2148 Nam
166 2079 241 2140 mihi
254 2081 279 2140 si
293 2080 441 2159 loqueris,
455 2079 535 2140 bone
548 2082 610 2155 vir,
624 2080 742 2160 pietatis
758 2078 890 2160 opimae*

106 2172 263 2254 Exuperas
276 2172 362 2234 labiis
374 2171 471 2234 dulcia
483 2172 575 2232 melia
587 2171 654 2233 favi.

67 2267 201 2345 Plusque
214 2264 329 2344 liquore
342 2264 440 2346 placet
453 2284 542 2344 quam
556 2265 615 2326 sert
626 2263 760 2346 oleagina
772 2282 859 2324 succo
867 2303 885 2336 ‚.

109 2357 238 2419 Suavius
251 2370 280 2417 et
290 2371 404 2422 recreat
414 2377 504 2437 quam
515 2359 596 2438 quod
609 2376 713 2418 aroma
725 2354 818 2415 reflat.

67 2450 152 2514 Cum
164 2449 291 2532 Aspasio
303 2451 415 2532 pariter
428 2451 504 2512 caris
516 2463 619 2532 patre,
633 2450 723 2511 fratre
738 2447 841 2510 Leone
849 2490 866 2522 ,.

108 2542 214 2626 Longa
225 2555 319 2605 stame
332 2542 381 2604 die
393 2543 488 2606 dulcis
499 2545 595 2606 amice
609 2542 683 2606 vale.

120 2689 211 2740 x111.
236 2688 294 2740 At)
310 2687 502 2741 FE'LIC'EM
522 2689 664 2742 Jolel
691 2687 905 2742 SOCERUM..

66 2797 195 2881 Annus
207 2815 312 2880 Pierio
325 2820 377 2882 cui
386 2831 526 2883 constant
535 2819 666 2882 culmina
678 2819 769 2894 fastu,

112 2909 171 2971 Vix
182 2912 289 2974 humili
301 2912 386 2973 valeo
401 2924 521 2994 tangere
535 2911 660 2973 claustra
672 2932 773 2972 mauu.

69 3003 132 3066 Sed
142 3005 285 3085 quoniam
298 3005 401 3086 patrios
411 3005 468 3064 fuit
478 3005 544 3065 auia
556 3006 706 3068 sodalibus
718 3008 803 3082 uua„

111 3097 234 3163 Affectu
246 3098 339 3165 fideus
351 3097 438 3181 pulso
452 3097 580 3182 benigue
593 3097 683 3162 sores.
719 3089 725 3094 ¹
