2230 3838
161 309 219 350 120

427 300 462 356 V.
478 301 513 352 H.
531 301 783 355 FORTUNATI

320 391 435 478 Legem
450 393 532 454 dedit
545 394 598 474 qui
609 393 730 469 seculo,

279 486 374 571 Cujus
388 489 493 550 decem
507 502 658 570 praecepta
671 500 756 564 sunt,

276 583 441 667 Dignando
456 583 549 644 factus
563 595 606 660 est
618 582 713 642 homo

278 675 341 738 Sub
357 678 428 760 legis
445 698 508 737 esse
520 666 653 737 vineulo.

317 771 419 832 Adam
433 783 515 831 vetus
529 771 609 850 quod
621 769 750 851 polluit,

276 867 376 928 Adam
388 887 484 926 novus
494 867 553 928 hoc
566 865 670 926 abluit.

276 960 414 1022 Tumens
425 962 506 1040 quod
521 960 572 1020 ille
587 959 706 1041 dejicit,

261 1117 263 1124 ,
276 1055 479 1117 Humillimus
492 1054 540 1114 hic
555 1054 652 1134 erigit.

317 1150 393 1209 Jam
405 1162 474 1208 nata
487 1147 536 1206 lux
550 1159 594 1206 est
605 1157 635 1206 et
648 1144 744 1222 salus,

275 1244 388 1328 Fugate
401 1265 460 1304 nox
474 1255 503 1302 et
514 1241 593 1303 victe
607 1260 691 1301 mors
705 1264 712 1299 ι

276 1339 390 1400 Venite
403 1350 522 1421 gentes,
538 1335 672 1412 credite,

277 1436 383 1497 Deum
398 1432 498 1494 Maria
510 1429 647 1513 protulit.
702 1413 705 1422 ¹

311 1603 348 1656 ΙΙ.
372 1601 428 1652 DE
451 1597 667 1652 PASSIONE
694 1595 877 1651 CHRISTI.

279 1717 431 1799 antttn
445 1735 522 1820 regis
534 1737 704 1817 prodeunt,

280 1833 388 1918 Fulget
400 1831 496 1893 crucis
508 1830 702 1915 mysterium,

281 1930 355 2011 Quo
370 1948 459 1990 carne
472 1926 570 1988 cernis
583 1925 724 1986 conditur

282 2024 451 2105 Suspensus
463 2034 507 2083 est
519 2019 668 2102 patibulo.

325 2117 452 2181 Consua
464 2117 554 2180 clavis
567 2115 700 2190 viscera,

278 2214 422 2276 Tendens
436 2232 541 2272 manus
553 2209 694 2292 vestigia,

279 2307 513 2390 Redemptionis
524 2304 620 2390 gratia

280 2405 344 2468 Hie
357 2401 533 2464 immolatur
546 2397 653 2459 hostia.

322 2497 387 2579 Qui
400 2497 570 2560 vulneratus
583 2494 708 2575 insuper

278 2592 429 2657 Murrone
444 2592 510 2653 diro
526 2589 656 2664 lanceae,

280 2688 327 2749 Ut
338 2709 393 2749 nos
406 2686 518 2747 lavaret
530 2684 676 2759 erimine,

280 2778 675 2862 Manavitundasanguine.
841 2851 845 2864 ι

324 2877 456 2960 lmpleta
469 2888 538 2936 sunt
550 2895 616 2956 quae
629 2871 763 2936 concinit

279 2971 400 3048 David,
413 2970 495 3032 fideii
509 2967 661 3047 carmine,

280 3067 423 3138 Dicendo
436 3063 628 3140 nationibus,

281 3159 432 3248 Regnabit
442 3180 460 3222 a
472 3159 554 3244 ligno
568 3155 664 3218 Deus.
