<?xml version="1.0" encoding="UTF-8"?>
<!DOCTYPE html PUBLIC "-//W3C//DTD XHTML 1.0 Transitional//EN"
    "http://www.w3.org/TR/xhtml1/DTD/xhtml1-transitional.dtd">
<html xmlns="http://www.w3.org/1999/xhtml" xml:lang="en" lang="en">
 <head>
  <title>
</title>
<meta http-equiv="Content-Type" content="text/html;charset=utf-8" />
  <meta name='ocr-system' content='tesseract 3.04.00' />
  <meta name='ocr-capabilities' content='ocr_page ocr_carea ocr_par ocr_line ocrx_word'/>
</head>
<body>
  <div class='ocr_page' id='page_1' title='image "./venantiihonorii00unkngoog_0122.png"; bbox 0 0 2230 3838; ppageno 0'>
   <div class='ocr_carea' id='block_1_1' title="bbox 116 285 738 357">
    <p class='ocr_par' dir='ltr' id='par_1_1' title="bbox 116 285 738 357">
     <span class='ocr_line' id='line_1_1' title="bbox 116 285 738 357; baseline 0.006 -7"><span class='ocrx_word' id='word_1_1' title='bbox 116 285 175 350; x_wconf 84' lang='lat'><strong>106</strong></span> <span class='ocrx_word' id='word_1_2' title='bbox 359 302 393 354; x_wconf 85' lang='lat' dir='ltr'><strong>v.</strong></span> <span class='ocrx_word' id='word_1_3' title='bbox 418 302 454 356; x_wconf 83' lang='lat' dir='ltr'><strong>n.</strong></span> <span class='ocrx_word' id='word_1_4' title='bbox 482 301 738 357; x_wconf 75' lang='lat' dir='ltr'><strong>ronrttntrr</strong></span> 
     </span>
    </p>
   </div>
   <div class='ocr_carea' id='block_1_2' title="bbox 113 392 1019 1424">
    <p class='ocr_par' dir='ltr' id='par_1_2' title="bbox 113 392 1019 1424">
     <span class='ocr_line' id='line_1_2' title="bbox 154 392 857 475; baseline -0.003 -21"><span class='ocrx_word' id='word_1_5' title='bbox 154 392 215 455; x_wconf 88' lang='lat' dir='ltr'><strong>Per</strong></span> <span class='ocrx_word' id='word_1_6' title='bbox 226 412 317 473; x_wconf 83' lang='lat' dir='ltr'><strong>quern</strong></span> <span class='ocrx_word' id='word_1_7' title='bbox 330 412 361 454; x_wconf 86' lang='lat' dir='ltr'><strong>se</strong></span> <span class='ocrx_word' id='word_1_8' title='bbox 374 393 498 475; x_wconf 87' lang='lat' dir='ltr'><strong>cupiunt</strong></span> <span class='ocrx_word' id='word_1_9' title='bbox 511 393 627 475; x_wconf 84' lang='lat' dir='ltr'><strong>templa</strong></span> <span class='ocrx_word' id='word_1_10' title='bbox 641 394 771 456; x_wconf 85' lang='lat' dir='ltr'><strong>verenda</strong></span> <span class='ocrx_word' id='word_1_11' title='bbox 783 393 857 456; x_wconf 83' lang='lat' dir='ltr'><strong>ooli!</strong></span> 
     </span>
     <span class='ocr_line' id='line_1_3' title="bbox 114 484 890 572; baseline -0.005 -20"><span class='ocrx_word' id='word_1_12' title='bbox 114 488 206 552; x_wconf 84' lang='lat' dir='ltr'><strong>Sacra</strong></span> <span class='ocrx_word' id='word_1_13' title='bbox 217 488 375 570; x_wconf 83' lang='lat' dir='ltr'><strong>sepulchra</strong></span> <span class='ocrx_word' id='word_1_14' title='bbox 387 500 489 572; x_wconf 81' lang='lat' dir='ltr'><strong>tegunt</strong></span> <span class='ocrx_word' id='word_1_15' title='bbox 501 484 627 548; x_wconf 83' lang='lat' dir='ltr'><strong>Bibiani</strong></span> <span class='ocrx_word' id='word_1_16' title='bbox 641 501 780 572; x_wconf 78' lang='lat' dir='ltr'><strong>argentea</strong></span> <span class='ocrx_word' id='word_1_17' title='bbox 792 501 890 567; x_wconf 79' lang='lat' dir='ltr'><strong>tecta,</strong></span> 
     </span>
     <span class='ocr_line' id='line_1_4' title="bbox 154 579 787 662; baseline -0.002 -18"><span class='ocrx_word' id='word_1_18' title='bbox 154 583 320 644; x_wconf 82' lang='lat' dir='ltr'><strong>Unanimis</strong></span> <span class='ocrx_word' id='word_1_19' title='bbox 332 596 433 646; x_wconf 82' lang='lat' dir='ltr'><strong>tecum</strong></span> <span class='ocrx_word' id='word_1_20' title='bbox 447 605 512 662; x_wconf 83' lang='lat' dir='ltr'><strong>quoe</strong></span> <span class='ocrx_word' id='word_1_21' title='bbox 528 579 685 644; x_wconf 80' lang='lat' dir='ltr'><strong>Placidino</strong></span> <span class='ocrx_word' id='word_1_22' title='bbox 696 582 787 644; x_wconf 86' lang='lat' dir='ltr'><strong>dedit.</strong></span> 
     </span>
     <span class='ocr_line' id='line_1_5' title="bbox 114 676 898 761; baseline -0.003 -20"><span class='ocrx_word' id='word_1_23' title='bbox 114 678 188 761; x_wconf 86' lang='lat' dir='ltr'><strong>Quo</strong></span> <span class='ocrx_word' id='word_1_24' title='bbox 200 699 291 760; x_wconf 86' lang='lat' dir='ltr'><strong>snper</strong></span> <span class='ocrx_word' id='word_1_25' title='bbox 303 679 435 740; x_wconf 86' lang='lat' dir='ltr'><strong>infusum</strong></span> <span class='ocrx_word' id='word_1_26' title='bbox 448 676 573 738; x_wconf 75' lang='lat' dir='ltr'>rutilans</span> <span class='ocrx_word' id='word_1_27' title='bbox 586 678 757 740; x_wconf 80' lang='lat' dir='ltr'><strong>intermicat</strong></span> <span class='ocrx_word' id='word_1_28' title='bbox 770 699 898 756; x_wconf 80' lang='lat' dir='ltr'><strong>aurum,</strong></span> 
     </span>
     <span class='ocr_line' id='line_1_6' title="bbox 155 771 778 857; baseline -0.002 -23"><span class='ocrx_word' id='word_1_29' title='bbox 155 773 197 834; x_wconf 89' lang='lat' dir='ltr'><strong>Et</strong></span> <span class='ocrx_word' id='word_1_30' title='bbox 209 785 351 857; x_wconf 78' lang='lat' dir='ltr'><strong>spargunt</strong></span> <span class='ocrx_word' id='word_1_31' title='bbox 362 772 463 835; x_wconf 81' lang='lat' dir='ltr'><strong>radios</strong></span> <span class='ocrx_word' id='word_1_32' title='bbox 474 792 550 853; x_wconf 83' lang='lat' dir='ltr'><strong>pura</strong></span> <span class='ocrx_word' id='word_1_33' title='bbox 562 771 684 833; x_wconf 78' lang='lat' dir='ltr'><strong>metallo</strong></span> <span class='ocrx_word' id='word_1_34' title='bbox 699 793 778 833; x_wconf 83' lang='lat' dir='ltr'><strong>suos.</strong></span> 
     </span>
     <span class='ocr_line' id='line_1_7' title="bbox 113 865 807 952; baseline -0.004 -22"><span class='ocrx_word' id='word_1_35' title='bbox 113 867 239 952; x_wconf 83' lang='lat' dir='ltr'><strong>Ingenio</strong></span> <span class='ocrx_word' id='word_1_36' title='bbox 253 867 386 949; x_wconf 83' lang='lat' dir='ltr'><strong>perfecta</strong></span> <span class='ocrx_word' id='word_1_37' title='bbox 399 886 479 927; x_wconf 94' lang='lat' dir='ltr'><strong>novo</strong></span> <span class='ocrx_word' id='word_1_38' title='bbox 488 865 620 927; x_wconf 80' lang='lat' dir='ltr'><strong>tabulata</strong></span> <span class='ocrx_word' id='word_1_39' title='bbox 631 880 807 944; x_wconf 82' lang='lat' dir='ltr'><strong>coruscant,</strong></span> 
     </span>
     <span class='ocr_line' id='line_1_8' title="bbox 155 960 797 1043; baseline -0.002 -20"><span class='ocrx_word' id='word_1_40' title='bbox 155 962 374 1040; x_wconf 82' lang='lat' dir='ltr'><strong>Artificemqne</strong></span> <span class='ocrx_word' id='word_1_41' title='bbox 383 975 470 1043; x_wconf 88' lang='lat' dir='ltr'><strong>putes</strong></span> <span class='ocrx_word' id='word_1_42' title='bbox 483 960 532 1022; x_wconf 89' lang='lat' dir='ltr'><strong>hic</strong></span> <span class='ocrx_word' id='word_1_43' title='bbox 546 960 694 1022; x_wconf 80' lang='lat' dir='ltr'><strong>animasse</strong></span> <span class='ocrx_word' id='word_1_44' title='bbox 710 961 797 1022; x_wconf 80' lang='lat' dir='ltr'><strong>seras.</strong></span> 
     </span>
     <span class='ocr_line' id='line_1_9' title="bbox 115 1054 806 1133; baseline -0.001 -15"><span class='ocrx_word' id='word_1_45' title='bbox 115 1054 178 1119; x_wconf 89' lang='lat' dir='ltr'><strong>Sed</strong></span> <span class='ocrx_word' id='word_1_46' title='bbox 191 1056 239 1118; x_wconf 87' lang='lat' dir='ltr'><strong>cui</strong></span> <span class='ocrx_word' id='word_1_47' title='bbox 250 1076 304 1117; x_wconf 87' lang='lat' dir='ltr'><strong>vos</strong></span> <span class='ocrx_word' id='word_1_48' title='bbox 316 1055 420 1116; x_wconf 87' lang='lat' dir='ltr'><strong>animo</strong></span> <span class='ocrx_word' id='word_1_49' title='bbox 434 1055 560 1116; x_wconf 81' lang='lat' dir='ltr'><strong>donaria</strong></span> <span class='ocrx_word' id='word_1_50' title='bbox 573 1068 655 1116; x_wconf 81' lang='lat' dir='ltr'><strong>tanta</strong></span> <span class='ocrx_word' id='word_1_51' title='bbox 666 1056 806 1133; x_wconf 85' lang='lat' dir='ltr'><strong>dedistis,</strong></span> 
     </span>
     <span class='ocr_line' id='line_1_10' title="bbox 158 1149 760 1234; baseline -0.003 -22"><span class='ocrx_word' id='word_1_52' title='bbox 158 1150 221 1213; x_wconf 90' lang='lat' dir='ltr'><strong>Hic</strong></span> <span class='ocrx_word' id='word_1_53' title='bbox 233 1163 298 1234; x_wconf 83' lang='lat' dir='ltr'><strong>agat</strong></span> <span class='ocrx_word' id='word_1_54' title='bbox 308 1163 340 1210; x_wconf 90' lang='lat' dir='ltr'><strong>ut</strong></span> <span class='ocrx_word' id='word_1_55' title='bbox 350 1151 437 1212; x_wconf 88' lang='lat' dir='ltr'><strong>vohis</strong></span> <span class='ocrx_word' id='word_1_56' title='bbox 450 1162 507 1210; x_wconf 91' lang='lat' dir='ltr'><strong>stet</strong></span> <span class='ocrx_word' id='word_1_57' title='bbox 519 1150 660 1210; x_wconf 86' lang='lat' dir='ltr'><strong>diuturna</strong></span> <span class='ocrx_word' id='word_1_58' title='bbox 673 1149 760 1210; x_wconf 77' lang='lat' dir='ltr'><strong>salus.</strong></span> 
     </span>
     <span class='ocr_line' id='line_1_11' title="bbox 116 1244 1019 1329; baseline 0.001 -21"><span class='ocrx_word' id='word_1_59' title='bbox 116 1244 147 1308; x_wconf 85' lang='lat' dir='ltr'>N</span> <span class='ocrx_word' id='word_1_60' title='bbox 151 1267 185 1308; x_wconf 89' lang='lat' dir='ltr'><strong>ec</strong></span> <span class='ocrx_word' id='word_1_61' title='bbox 196 1245 333 1306; x_wconf 72' lang='lat' dir='ltr'><strong>dubitent</strong></span> <span class='ocrx_word' id='word_1_62' title='bbox 344 1245 396 1325; x_wconf 89' lang='lat' dir='ltr'><strong>qni</strong></span> <span class='ocrx_word' id='word_1_63' title='bbox 409 1265 517 1328; x_wconf 80' lang='lat' dir='ltr'><strong>magna</strong></span> <span class='ocrx_word' id='word_1_64' title='bbox 530 1244 650 1319; x_wconf 81' lang='lat' dir='ltr'><strong>serunt,</strong></span> <span class='ocrx_word' id='word_1_65' title='bbox 668 1244 726 1306; x_wconf 88' lang='lat' dir='ltr'><strong>sibi</strong></span> <span class='ocrx_word' id='word_1_66' title='bbox 740 1264 848 1329; x_wconf 79' lang='lat' dir='ltr'><strong>magna</strong></span> <span class='ocrx_word' id='word_1_67' title='bbox 860 1249 993 1328; x_wconf 86' lang='lat' dir='ltr'><strong>rependi</strong></span> <span class='ocrx_word' id='word_1_68' title='bbox 1006 1293 1019 1326; x_wconf 88' lang='lat'>,</span> 
     </span>
     <span class='ocr_line' id='line_1_12' title="bbox 157 1338 900 1424; baseline 0 -23"><span class='ocrx_word' id='word_1_69' title='bbox 157 1339 244 1402; x_wconf 89' lang='lat' dir='ltr'><strong>Dum</strong></span> <span class='ocrx_word' id='word_1_70' title='bbox 258 1361 378 1422; x_wconf 88' lang='lat' dir='ltr'><strong>quoqne</strong></span> <span class='ocrx_word' id='word_1_71' title='bbox 388 1361 447 1424; x_wconf 85' lang='lat' dir='ltr'><strong>pro</strong></span> <span class='ocrx_word' id='word_1_72' title='bbox 459 1339 560 1422; x_wconf 75' lang='lat' dir='ltr'><strong>parvis</strong></span> <span class='ocrx_word' id='word_1_73' title='bbox 572 1339 677 1400; x_wconf 83' lang='lat' dir='ltr'><strong>reddat</strong></span> <span class='ocrx_word' id='word_1_74' title='bbox 689 1340 795 1422; x_wconf 81' lang='lat' dir='ltr'><strong>opima</strong></span> <span class='ocrx_word' id='word_1_75' title='bbox 806 1338 900 1401; x_wconf 72' lang='lat' dir='ltr'><strong>Deos.</strong></span> 
     </span>
    </p>
   </div>
   <div class='ocr_carea' id='block_1_3' title="bbox 114 1527 1020 1833">
    <p class='ocr_par' dir='ltr' id='par_1_3' title="bbox 114 1527 1020 1833">
     <span class='ocr_line' id='line_1_13' title="bbox 243 1527 884 1596; baseline -0.003 -13"><span class='ocrx_word' id='word_1_76' title='bbox 243 1529 332 1584; x_wconf 82' lang='lat' dir='ltr'><strong>tt111.</strong></span> <span class='ocrx_word' id='word_1_77' title='bbox 358 1529 412 1580; x_wconf 85' lang='lat' dir='ltr'><strong>DE</strong></span> <span class='ocrx_word' id='word_1_78' title='bbox 433 1527 587 1582; x_wconf 82' lang='lat' dir='ltr'><strong>SANCTI</strong></span> <span class='ocrx_word' id='word_1_79' title='bbox 607 1527 884 1596; x_wconf 81' lang='lat' dir='ltr'>EUTROPITIS,</span> 
     </span>
     <span class='ocr_line' id='line_1_14' title="bbox 114 1619 1020 1674; baseline 0 -10"><span class='ocrx_word' id='word_1_80' title='bbox 114 1623 202 1664; x_wconf 78' lang='lat' dir='ltr'><strong>rnrnr</strong></span> <span class='ocrx_word' id='word_1_81' title='bbox 218 1623 302 1662; x_wconf 83' lang='lat' dir='ltr'><strong>nnnrs</strong></span> <span class='ocrx_word' id='word_1_82' title='bbox 315 1619 480 1664; x_wconf 76' lang='lat' dir='ltr'><strong>stnrorncrn</strong></span> <span class='ocrx_word' id='word_1_83' title='bbox 495 1620 1020 1674; x_wconf 72' lang='lat' dir='ltr'><strong>nnrtsr1r1s‚nts1n1ct‚onnnsnnro</strong></span> 
     </span>
     <span class='ocr_line' id='line_1_15' title="bbox 131 1685 1001 1749; baseline -0.001 -8"><span class='ocrx_word' id='word_1_84' title='bbox 131 1699 291 1741; x_wconf 73' lang='lat' dir='ltr'><strong>connnrsnn</strong></span> <span class='ocrx_word' id='word_1_85' title='bbox 301 1685 799 1749; x_wconf 63' lang='lat' dir='ltr'><strong>nnonrrnsnxorvrnotnnvnntrronn</strong></span> <span class='ocrx_word' id='word_1_86' title='bbox 816 1699 1001 1748; x_wconf 74' lang='lat' dir='ltr'><strong>nnnovnvrr,</strong></span> 
     </span>
     <span class='ocr_line' id='line_1_16' title="bbox 141 1775 995 1833; baseline 0.001 -15"><span class='ocrx_word' id='word_1_87' title='bbox 141 1778 325 1833; x_wconf 71' lang='lat' dir='ltr'><strong>onntvnonn</strong></span> <span class='ocrx_word' id='word_1_88' title='bbox 341 1775 493 1818; x_wconf 68' lang='lat' dir='ltr'><strong>internato</strong></span> <span class='ocrx_word' id='word_1_89' title='bbox 509 1778 527 1816; x_wconf 82' lang='lat' dir='ltr'><strong>n</strong></span> <span class='ocrx_word' id='word_1_90' title='bbox 543 1777 629 1818; x_wconf 81' lang='lat' dir='ltr'><strong>neno</strong></span> <span class='ocrx_word' id='word_1_91' title='bbox 646 1777 778 1820; x_wconf 75' lang='lat' dir='ltr'><strong>morenos</strong></span> <span class='ocrx_word' id='word_1_92' title='bbox 794 1779 829 1818; x_wconf 82' lang='lat' dir='ltr'><strong>nr</strong></span> <span class='ocrx_word' id='word_1_93' title='bbox 845 1778 995 1820; x_wconf 80' lang='lat' dir='ltr'><strong>rrcnunrs.</strong></span> 
     </span>
    </p>
   </div>
   <div class='ocr_carea' id='block_1_4' title="bbox 119 1902 965 3244">
    <p class='ocr_par' dir='ltr' id='par_1_4' title="bbox 119 1902 965 2103">
     <span class='ocr_line' id='line_1_17' title="bbox 119 1902 965 2008; baseline 0 -22"><span class='ocrx_word' id='word_1_94' title='bbox 119 1902 287 2002; x_wconf 78' lang='lat' dir='ltr'><strong>Qutn&#39;rus</strong></span> <span class='ocrx_word' id='word_1_95' title='bbox 299 1944 387 1986; x_wconf 82' lang='lat' dir='ltr'><strong>amor</strong></span> <span class='ocrx_word' id='word_1_96' title='bbox 399 1925 515 1987; x_wconf 89' lang='lat' dir='ltr'><strong>domini</strong></span> <span class='ocrx_word' id='word_1_97' title='bbox 527 1938 649 1986; x_wconf 84' lang='lat' dir='ltr'><strong>maneat</strong></span> <span class='ocrx_word' id='word_1_98' title='bbox 660 1925 732 2001; x_wconf 86' lang='lat' dir='ltr'><strong>tibi,</strong></span> <span class='ocrx_word' id='word_1_99' title='bbox 741 1946 821 2008; x_wconf 80' lang='lat' dir='ltr'>papa</span> <span class='ocrx_word' id='word_1_100' title='bbox 833 1924 965 2003; x_wconf 82' lang='lat' dir='ltr'><strong>Leonti,</strong></span> 
     </span>
     <span class='ocr_line' id='line_1_18' title="bbox 161 2017 918 2103; baseline 0.004 -23"><span class='ocrx_word' id='word_1_101' title='bbox 161 2017 265 2100; x_wconf 85' lang='lat' dir='ltr'>Quem</span> <span class='ocrx_word' id='word_1_102' title='bbox 279 2021 337 2082; x_wconf 90' lang='lat' dir='ltr'><strong>sibi</strong></span> <span class='ocrx_word' id='word_1_103' title='bbox 350 2022 411 2103; x_wconf 82' lang='lat' dir='ltr'><strong>jam</strong></span> <span class='ocrx_word' id='word_1_104' title='bbox 425 2021 518 2083; x_wconf 83' lang='lat' dir='ltr'><strong>sancti</strong></span> <span class='ocrx_word' id='word_1_105' title='bbox 529 2019 644 2102; x_wconf 83' lang='lat' dir='ltr'><strong>templa</strong></span> <span class='ocrx_word' id='word_1_106' title='bbox 655 2041 766 2082; x_wconf 80' lang='lat' dir='ltr'><strong>novare</strong></span> <span class='ocrx_word' id='word_1_107' title='bbox 781 2035 918 2084; x_wconf 86' lang='lat' dir='ltr'><strong>monent.</strong></span> 
     </span>
    </p>

    <p class='ocr_par' dir='ltr' id='par_1_5' title="bbox 119 2114 796 2273">
     <span class='ocr_line' id='line_1_19' title="bbox 119 2114 796 2197; baseline -0.003 -19"><span class='ocrx_word' id='word_1_108' title='bbox 119 2114 290 2197; x_wconf 86' lang='lat' dir='ltr'><strong>Eutropitis</strong></span> <span class='ocrx_word' id='word_1_109' title='bbox 303 2116 386 2176; x_wconf 88' lang='lat' dir='ltr'><strong>enirn</strong></span> <span class='ocrx_word' id='word_1_110' title='bbox 399 2115 563 2177; x_wconf 88' lang='lat' dir='ltr'><strong>venerandi</strong></span> <span class='ocrx_word' id='word_1_111' title='bbox 575 2115 715 2176; x_wconf 82' lang='lat' dir='ltr'><strong>antistitis</strong></span> <span class='ocrx_word' id='word_1_112' title='bbox 728 2114 796 2176; x_wconf 81' lang='lat' dir='ltr'>aula</span> 
     </span>
     <span class='ocr_line' id='line_1_20' title="bbox 164 2207 674 2273; baseline -0.004 0"><span class='ocrx_word' id='word_1_113' title='bbox 164 2207 330 2273; x_wconf 82' lang='lat' dir='ltr'><strong>Corrnerat</strong></span> <span class='ocrx_word' id='word_1_114' title='bbox 341 2212 426 2273; x_wconf 91' lang='lat' dir='ltr'><strong>senio</strong></span> <span class='ocrx_word' id='word_1_115' title='bbox 438 2210 599 2273; x_wconf 80' lang='lat' dir='ltr'><strong>dilacerata</strong></span> <span class='ocrx_word' id='word_1_116' title='bbox 609 2230 674 2271; x_wconf 85' lang='lat' dir='ltr'><strong>sno.</strong></span> 
     </span>
    </p>

    <p class='ocr_par' dir='ltr' id='par_1_6' title="bbox 119 2304 872 2482">
     <span class='ocr_line' id='line_1_21' title="bbox 119 2304 855 2389; baseline -0.005 -20"><span class='ocrx_word' id='word_1_117' title='bbox 119 2304 315 2389; x_wconf 80' lang='lat' dir='ltr'><strong>Nudatasqne</strong></span> <span class='ocrx_word' id='word_1_118' title='bbox 329 2308 428 2368; x_wconf 81' lang='lat' dir='ltr'><strong>trabes</strong></span> <span class='ocrx_word' id='word_1_119' title='bbox 440 2306 541 2389; x_wconf 81' lang='lat' dir='ltr'><strong>paries</strong></span> <span class='ocrx_word' id='word_1_120' title='bbox 553 2319 693 2368; x_wconf 78' lang='lat' dir='ltr'><strong>vacuatus</strong></span> <span class='ocrx_word' id='word_1_121' title='bbox 707 2304 855 2380; x_wconf 80' lang='lat' dir='ltr'><strong>habebat,</strong></span> 
     </span>
     <span class='ocr_line' id='line_1_22' title="bbox 163 2399 872 2482; baseline 0 -20"><span class='ocrx_word' id='word_1_122' title='bbox 163 2399 305 2467; x_wconf 87' lang='lat' dir='ltr'><strong>Pondere</strong></span> <span class='ocrx_word' id='word_1_123' title='bbox 313 2423 376 2463; x_wconf 93' lang='lat' dir='ltr'><strong>non</strong></span> <span class='ocrx_word' id='word_1_124' title='bbox 390 2401 479 2475; x_wconf 82' lang='lat' dir='ltr'><strong>teeti,</strong></span> <span class='ocrx_word' id='word_1_125' title='bbox 491 2402 544 2461; x_wconf 88' lang='lat' dir='ltr'><strong>sed</strong></span> <span class='ocrx_word' id='word_1_126' title='bbox 557 2400 637 2462; x_wconf 88' lang='lat' dir='ltr'><strong>male</strong></span> <span class='ocrx_word' id='word_1_127' title='bbox 647 2421 765 2482; x_wconf 89' lang='lat' dir='ltr'><strong>pressus</strong></span> <span class='ocrx_word' id='word_1_128' title='bbox 777 2400 872 2480; x_wconf 80' lang='lat' dir='ltr'><strong>aquis.</strong></span> 
     </span>
    </p>

    <p class='ocr_par' dir='ltr' id='par_1_7' title="bbox 120 2493 876 2653">
     <span class='ocr_line' id='line_1_23' title="bbox 120 2493 876 2578; baseline -0.003 -20"><span class='ocrx_word' id='word_1_129' title='bbox 120 2493 224 2558; x_wconf 82' lang='lat' dir='ltr'><strong>Nocte</strong></span> <span class='ocrx_word' id='word_1_130' title='bbox 235 2516 346 2578; x_wconf 89' lang='lat' dir='ltr'><strong>sopore</strong></span> <span class='ocrx_word' id='word_1_131' title='bbox 360 2496 419 2558; x_wconf 83' lang='lat' dir='ltr'><strong>levi</strong></span> <span class='ocrx_word' id='word_1_132' title='bbox 433 2495 552 2557; x_wconf 80' lang='lat' dir='ltr'><strong>cuidem</strong></span> <span class='ocrx_word' id='word_1_133' title='bbox 566 2495 705 2557; x_wconf 86' lang='lat' dir='ltr'><strong>veniente</strong></span> <span class='ocrx_word' id='word_1_134' title='bbox 719 2495 876 2574; x_wconf 81' lang='lat' dir='ltr'><strong>ministro,</strong></span> 
     </span>
     <span class='ocr_line' id='line_1_24' title="bbox 164 2589 732 2653; baseline 0 -3"><span class='ocrx_word' id='word_1_135' title='bbox 164 2589 399 2653; x_wconf 78' lang='lat' dir='ltr'><strong>instauratorem</strong></span> <span class='ocrx_word' id='word_1_136' title='bbox 414 2603 443 2651; x_wconf 88' lang='lat' dir='ltr'><strong>te</strong></span> <span class='ocrx_word' id='word_1_137' title='bbox 458 2591 547 2653; x_wconf 87' lang='lat' dir='ltr'><strong>docet</strong></span> <span class='ocrx_word' id='word_1_138' title='bbox 558 2612 622 2652; x_wconf 83' lang='lat' dir='ltr'><strong>esse</strong></span> <span class='ocrx_word' id='word_1_139' title='bbox 635 2612 732 2652; x_wconf 87' lang='lat' dir='ltr'>suum.</span> 
     </span>
    </p>

    <p class='ocr_par' dir='ltr' id='par_1_8' title="bbox 122 2683 843 2861">
     <span class='ocr_line' id='line_1_25' title="bbox 122 2683 843 2770; baseline -0.001 -24"><span class='ocrx_word' id='word_1_140' title='bbox 122 2683 186 2747; x_wconf 86' lang='lat' dir='ltr'><strong>Pro</strong></span> <span class='ocrx_word' id='word_1_141' title='bbox 199 2688 340 2748; x_wconf 84' lang='lat' dir='ltr'><strong>mercede</strong></span> <span class='ocrx_word' id='word_1_142' title='bbox 352 2685 395 2746; x_wconf 88' lang='lat' dir='ltr'><strong>tui</strong></span> <span class='ocrx_word' id='word_1_143' title='bbox 408 2686 521 2747; x_wconf 88' lang='lat' dir='ltr'><strong>meruit</strong></span> <span class='ocrx_word' id='word_1_144' title='bbox 533 2687 627 2770; x_wconf 82' lang='lat' dir='ltr'><strong>magis</strong></span> <span class='ocrx_word' id='word_1_145' title='bbox 637 2685 693 2746; x_wconf 77' lang='lat' dir='ltr'><strong>itte</strong></span> <span class='ocrx_word' id='word_1_146' title='bbox 705 2685 843 2747; x_wconf 79' lang='lat' dir='ltr'><strong>moneri:</strong></span> 
     </span>
     <span class='ocr_line' id='line_1_26' title="bbox 166 2778 696 2861; baseline 0.002 -20"><span class='ocrx_word' id='word_1_147' title='bbox 166 2778 198 2841; x_wconf 96' lang='grc' dir='ltr'><strong>Ο</strong></span> <span class='ocrx_word' id='word_1_148' title='bbox 211 2781 281 2842; x_wconf 77' lang='lat' dir='ltr'><strong>felix</strong></span> <span class='ocrx_word' id='word_1_149' title='bbox 294 2783 331 2841; x_wconf 89' lang='lat' dir='ltr'><strong>de</strong></span> <span class='ocrx_word' id='word_1_150' title='bbox 344 2801 404 2860; x_wconf 91' lang='lat' dir='ltr'><strong>quo</strong></span> <span class='ocrx_word' id='word_1_151' title='bbox 417 2781 450 2840; x_wconf 83' lang='lat' dir='ltr'><strong>fit</strong></span> <span class='ocrx_word' id='word_1_152' title='bbox 460 2781 512 2861; x_wconf 80' lang='lat' dir='ltr'><strong>pia</strong></span> <span class='ocrx_word' id='word_1_153' title='bbox 525 2802 597 2842; x_wconf 81' lang='lat' dir='ltr'><strong>cura</strong></span> <span class='ocrx_word' id='word_1_154' title='bbox 613 2780 696 2842; x_wconf 88' lang='lat' dir='ltr'><strong>Deo!</strong></span> 
     </span>
    </p>

    <p class='ocr_par' dir='ltr' id='par_1_9' title="bbox 122 2875 796 3034">
     <span class='ocr_line' id='line_1_27' title="bbox 122 2875 796 2961; baseline -0.006 -22"><span class='ocrx_word' id='word_1_155' title='bbox 122 2875 198 2939; x_wconf 89' lang='lat' dir='ltr'><strong>Non</strong></span> <span class='ocrx_word' id='word_1_156' title='bbox 212 2875 340 2937; x_wconf 80' lang='lat' dir='ltr'><strong>meliore</strong></span> <span class='ocrx_word' id='word_1_157' title='bbox 353 2876 400 2935; x_wconf 84' lang='lat' dir='ltr'><strong>via</strong></span> <span class='ocrx_word' id='word_1_158' title='bbox 411 2875 483 2937; x_wconf 89' lang='lat' dir='ltr'><strong>vivit</strong></span> <span class='ocrx_word' id='word_1_159' title='bbox 496 2889 637 2961; x_wconf 63' lang='lat' dir='ltr'><strong>renovata</strong></span> <span class='ocrx_word' id='word_1_160' title='bbox 649 2887 796 2951; x_wconf 82' lang='lat' dir='ltr'><strong>vetustas,</strong></span> 
     </span>
     <span class='ocr_line' id='line_1_28' title="bbox 163 2969 746 3034; baseline -0.002 -2"><span class='ocrx_word' id='word_1_161' title='bbox 163 2970 205 3032; x_wconf 87' lang='lat' dir='ltr'><strong>Et</strong></span> <span class='ocrx_word' id='word_1_162' title='bbox 217 2971 300 3032; x_wconf 78' lang='lat' dir='ltr'><strong>tassae</strong></span> <span class='ocrx_word' id='word_1_163' title='bbox 310 2971 432 3034; x_wconf 82' lang='lat' dir='ltr'><strong>sabrioae</strong></span> <span class='ocrx_word' id='word_1_164' title='bbox 445 2969 501 3032; x_wconf 80' lang='lat' dir='ltr'><strong>ilos</strong></span> <span class='ocrx_word' id='word_1_165' title='bbox 514 2971 663 3032; x_wconf 81' lang='lat' dir='ltr'><strong>redivivus</strong></span> <span class='ocrx_word' id='word_1_166' title='bbox 676 2971 746 3031; x_wconf 80' lang='lat' dir='ltr'><strong>adit</strong></span> 
     </span>
    </p>

    <p class='ocr_par' dir='ltr' id='par_1_10' title="bbox 122 3065 893 3244">
     <span class='ocr_line' id='line_1_29' title="bbox 122 3065 893 3147; baseline -0.008 -17"><span class='ocrx_word' id='word_1_167' title='bbox 122 3065 214 3130; x_wconf 73' lang='lat' dir='ltr'><strong>AEtas</strong></span> <span class='ocrx_word' id='word_1_168' title='bbox 226 3066 367 3128; x_wconf 81' lang='lat' dir='ltr'><strong>accessit:</strong></span> <span class='ocrx_word' id='word_1_169' title='bbox 383 3087 489 3127; x_wconf 90' lang='lat' dir='ltr'><strong>verum</strong></span> <span class='ocrx_word' id='word_1_170' title='bbox 502 3065 565 3127; x_wconf 85' lang='lat' dir='ltr'><strong>haec</strong></span> <span class='ocrx_word' id='word_1_171' title='bbox 578 3065 742 3147; x_wconf 86' lang='lat' dir='ltr'><strong>juvenescit</strong></span> <span class='ocrx_word' id='word_1_172' title='bbox 756 3065 873 3126; x_wconf 88' lang='lat' dir='ltr'><strong>honore</strong></span> <span class='ocrx_word' id='word_1_173' title='bbox 885 3085 893 3124; x_wconf 76' lang='grc' dir='ltr'><strong>ι</strong></span> 
     </span>
     <span class='ocr_line' id='line_1_30' title="bbox 166 3158 780 3244; baseline 0.002 -23"><span class='ocrx_word' id='word_1_174' title='bbox 166 3159 259 3223; x_wconf 87' lang='lat' dir='ltr'><strong>Unde</strong></span> <span class='ocrx_word' id='word_1_175' title='bbox 271 3181 361 3224; x_wconf 83' lang='lat' dir='ltr'><strong>senex</strong></span> <span class='ocrx_word' id='word_1_176' title='bbox 373 3161 477 3238; x_wconf 81' lang='lat' dir='ltr'><strong>fieret,</strong></span> <span class='ocrx_word' id='word_1_177' title='bbox 493 3160 596 3244; x_wconf 89' lang='lat' dir='ltr'><strong>junior</strong></span> <span class='ocrx_word' id='word_1_178' title='bbox 609 3158 679 3221; x_wconf 89' lang='lat' dir='ltr'><strong>inde</strong></span> <span class='ocrx_word' id='word_1_179' title='bbox 693 3159 780 3222; x_wconf 88' lang='lat' dir='ltr'><strong>redit.</strong></span> 
     </span>
    </p>
   </div>
   <div class='ocr_carea' id='block_1_5' title="bbox 0 0 1126 3838">
    <p class='ocr_par' dir='ltr' id='par_1_11' title="bbox 0 0 1126 3838">
     <span class='ocr_line' id='line_1_31' title="bbox 0 0 1126 3838; baseline 0 0"><span class='ocrx_word' id='word_1_180' title='bbox 0 0 1126 3838; x_wconf 95' lang='lat' dir='ltr'><strong> </strong></span> 
     </span>
    </p>
   </div>
  </div>
 </body>
</html>
