2222 3852
175 323 237 388 arb
430 338 464 392 V.
486 337 520 390 Η.
548 335 799 393 roarunnrt

216 429 312 512 Inque
325 429 394 493 loco
407 431 534 513 proprio
548 431 621 493 civis
633 444 663 493 et
676 431 742 493 exul
755 452 821 494 eru.

176 525 293 606 Quaeso
307 525 379 605 quid
392 525 551 606 inspiciant
562 524 657 600 oculi,
674 547 740 606 quae
751 539 823 586 nota
835 527 1012 607 requirant,

220 617 299 697 Quae
312 639 381 680 mea
392 639 473 680 nunc
483 631 583 680 tecum
596 617 712 679 lumina
725 620 809 680 ducis
819 623 926 682 amor?

175 711 227 774 Tu
240 712 329 773 dolor
340 733 416 773 unus
429 713 488 774 eris
502 711 635 792 quisquis
647 712 723 771 mibi
736 712 840 773 luserit
852 714 970 793 infans,

219 805 371 888 Amplexu
383 804 504 866 alterius
515 817 549 865 tu
559 804 634 864 mihi
648 805 766 886 pondus
780 806 847 869 eris.

178 897 308 974 Currat,
323 912 396 974 stet,
409 901 526 974 sedeat,
538 896 716 972 lleat,'inter
728 910 758 959 et
770 911 852 960 exeat
863 899 961 978 alter,

220 991 293 1054 Sola
306 993 381 1053 meis
394 991 488 1054 oculis
501 991 595 1054 dulcis
606 991 706 1073 imago
720 992 809 1053 redis.

176 1085 224 1148 'l'e
237 1086 367 1169 fugiente
378 1104 481 1146 errans
494 1084 592 1146 aliena
605 1105 662 1166 per
674 1077 925 1162 oscula'curram,

217 1179 259 1241 Et
271 1177 362 1261 super
372 1197 426 1240 ora
436 1198 560 1262 gemens
571 1179 665 1239 ubera
678 1178 756 1240 sicca
769 1199 917 1260 premam.

177 1274 229 1336 De
242 1275 317 1337 sacie
330 1273 478 1334 infantum
490 1265 640 1354 plorantia
651 1272 767 1333 lumina
778 1273 929 1351 lambam,

220 1367 261 1428 Et
274 1381 390 1429 teneras
403 1366 549 1452 lacrymas
562 1366 698 1427 insatiata
708 1367 822 1428 bibam.

178 1461 248 1523 Tali
261 1475 336 1544 potu
349 1460 463 1522 utinam
475 1459 522 1523 vel
535 1471 620 1541 parte
633 1460 792 1543 refrigerer
803 1461 881 1537 ulla,

219 1555 282 1616 Aut
292 1555 408 1638 plorata
420 1553 505 1616 avide
518 1553 633 1636 mitiget
645 1555 724 1615 unda
735 1555 826 1615 sitim.

180 1648 335 1729 Quicquid
343 1649 415 1722 erit,
425 1648 559 1724 crucior,
569 1647 707 1710 nullabic
717 1649 1063 1731 medicaminaprosunt,

219 1740 357 1802 Vulnere
370 1739 498 1816 distillo,
512 1739 706 1818 Gelesuinta‚
721 1755 783 1804 tuo.

179 1835 251 1916 Qua
265 1854 337 1917 rogo¹
351 1847 420 1894 nata
432 1855 524 1897 manu
535 1855 604 1896 cara
617 1835 680 1898 baec
693 1855 779 1898 coma
793 1855 866 1919 pera
879 1837 1012 1916 nitebat,

221 1927 300 2008 Quis
312 1928 376 1988 sine
390 1948 439 1988 me
453 1928 585 2010 placidas
597 1929 722 1990 lambiat
734 1951 786 1990 ore
797 1932 908 2013 genas?

178 2021 258 2101 Quis
270 2021 386 2106 gremio
400 2022 514 2098 sorsat,
528 2021 653 2106 genibus
666 2023 767 2100 vehat,
782 2024 897 2085 ambiat
910 2024 1003 2089 ulna?

220 2113 281 2177 Sed
293 2116 349 2177 tibi
363 2128 471 2198 praeter
485 2136 533 2176 me
547 2136 608 2176 non
623 2116 666 2177 ibi
680 2129 776 2177 mater
790 2117 856 2178 erit.

178 2210 275 2290 Quod
284 2222 435 2292 superest,
447 2209 632 2270 timibundus
644 2228 732 2270 amor
742 2211 801 2273 boc
813 2212 937 2274 mandat
950 2213 1049 2289 eunti,

220 2302 269 2364 sis
282 2324 392 2386 precor
402 2324 423 2362 ο
437 2301 522 2380 felix,
536 2303 688 2378 sedeam,
703 2305 796 2380 vade,
809 2303 884 2364 vale.

178 2397 269 2461 Mitte
282 2398 374 2459 avidae
388 2397 476 2457 matri
488 2396 537 2459 vel
549 2417 606 2479 per
618 2416 690 2480 vaga
701 2395 796 2459 flabra
808 2397 955 2476 salutern,

222 2490 257 2553 si
267 2493 348 2554 venit
360 2494 443 2572 ipsa,
458 2492 533 2554 mihi
546 2494 663 2555 nuntiet
674 2514 745 2554 aura
757 2494 841 2555 boni.

178 2584 257 2648 Filia
267 2598 338 2648 tunc
350 2586 455 2648 validis
466 2587 624 2671 genetricis
638 2601 743 2650 onusta
755 2587 903 2666 querelis,

219 2678 344 2756 Tristis,
359 2680 448 2762 inops
461 2681 574 2757 animi,
588 2701 645 2744 nec
654 2681 779 2743 valitura
792 2680 891 2762 loqni;

181 2771 290 2838 Clausa
302 2793 376 2836 voce
390 2775 458 2850 diu,
473 2775 521 2836 vix
533 2776 617 2838 fauce
630 2775 757 2836 solubile
770 2773 869 2849 sandi,

220 2866 320 2930 Pauca
333 2867 424 2930 refert
437 2869 535 2930 cordis
547 2869 669 2930 vulnere
682 2867 780 2951 lingua
792 2867 906 2952 gravis,

179 2961 321 3047 Maiestas
333 2963 358 3024 si
370 2962 448 3024 celsa
459 2961 521 3024 Dei
533 2963 609 3023 mibi
622 2975 762 3044 tempora
772 2959 862 3024 vellet

219 3055 313 3120 Nunc
325 3059 396 3119 dare
408 3055 476 3138 plus
486 3056 571 3133 vitae,
586 3075 649 3116 non
662 3056 747 3116 daret
758 3055 813 3116 ista
823 3054 888 3116 viee.

179 3149 298 3216 Ultima
308 3152 361 3213 sed
372 3148 514 3228 quoniam
528 3169 593 3214 sors
606 3146 812 3215 irrevocabilis
825 3147 929 3221 instat,
