2222 3844
153 380 173 441 6
389 395 422 446 V·
450 396 485 448 Η.
514 395 797 448 FORTUNATUS

196 482 317 547 Orbem
329 485 401 560 alit,
416 499 493 546 astra
507 487 599 570 regit,
614 499 723 546 tartara
737 486 803 548 luce
816 486 929 568 replet:

155 579 249 662 Cujus
263 580 368 640 mundi
380 601 440 640 uno
453 594 496 641 est
509 581 572 642 haec
585 581 724 642 machina
737 592 813 642 tecta
824 580 955 663 pugillo,

195 674 353 738 Clauditur
361 674 393 734 in
407 675 489 736 fibris
503 689 581 737 casta
594 675 696 757 puella
710 675 786 747 tuis3

153 766 342 850 Supportans
355 769 497 832 fabricata
509 770 628 830 fabrum
634 769 1038 848 atquehurnanatonantem,

193 861 319 946 Virgula
331 863 464 925 radicem
479 865 555 925 facta
570 864 697 925 creantis
712 883 814 944 opem.

154 955 294 1037 Qualiter
306 957 358 1017 illa
371 979 483 1019 novum
495 971 656 1019 tenuerunt
667 957 782 1019 viscera
795 956 917 1032 lumen,

195 1051 289 1132 Quod
301 1053 390 1113 decus
402 1053 481 1113 intus
494 1065 575 1127 crat,
591 1052 692 1130 quisve
706 1051 806 1110 honor
818 1051 888 1110 inde
902 1051 1003 1112 foras?

152 1144 273 1207 Gaudia
285 1159 394 1225 quanta
406 1147 488 1206 sinus
500 1145 603 1206 hilaris
617 1159 683 1207 tuus
696 1145 747 1206 ille
761 1145 902 1220 vehebat,

194 1237 275 1301 Cum
288 1252 338 1299 tua
351 1241 489 1301 membra
502 1261 643 1321 premens
656 1239 724 1321 plus
737 1239 887 1300 relevabat
900 1239 993 1300 onus?

151 1330 231 1393 Turn
245 1335 376 1416 genetrix
390 1336 426 1396 de
441 1333 519 1397 sasce
533 1335 624 1409 levis,
640 1335 677 1394 de
691 1333 779 1415 prole
796 1333 924 1394 salubris

187 1428 269 1489 Rern
282 1428 452 1509 splendoris
464 1429 595 1504 habens,
610 1428 660 1488 lux
671 1447 770 1507 neque
783 1428 902 1508 pondus
917 1438 995 1496 eran

147 1521 301 1582 Auxilium
315 1522 352 1582 de
366 1520 441 1582 flore
454 1541 579 1603 gerens,
594 1522 631 1580 dc
645 1522 727 1601 fruge
742 1519 900 1594 levamen,

189 1613 229 1674 Er
242 1614 309 1676 coeli
322 1633 435 1696 panem
448 1615 532 1693 spica
545 1613 664 1673 novella
677 1614 793 1684 ferens3

148 1708 242 1791 Cujus
254 1707 338 1769 stella
352 1720 433 1782 erat,
448 1720 476 1767 et
489 1707 535 1767 sol
550 1707 711 1768 matutinus
725 1707 757 1765 in
770 1706 858 1782 alvo,

187 1803 272 1864 lnsra
285 1823 386 1864 arcam
400 1802 586 1863 abscondens
600 1801 711 1883 fulgida
728 1800 798 1861 luna
810 1802 915 1883 jubar3

146 1898 331 1959 Anniculum
344 1908 468 1977 portans
482 1915 590 1978 agnum
604 1939 612 1970 ,
632 1896 846 1976 antiquumque
861 1896 1009 1980 gigantem
1023 1943 1033 1974 ,

186 1991 295 2070 Deque
308 1990 390 2051 trihu
402 1988 425 2048 J
427 1991 485 2050 uda
497 1990 548 2070 qni
562 1989 610 2050 leo
624 1988 710 2050 sortis
727 2003 805 2062 erat3

127 2145 129 2150 .
148 2082 276 2147 Cornua
290 2085 461 2165 producens
474 2083 582 2145 vitulus
595 2103 650 2145 ceu
661 2084 879 2170 rhinocerotis,

185 2179 325 2254 Arduus,
339 2177 423 2238 elatis
436 2178 557 2239 naribus
570 2178 629 2238 aha
642 2177 782 2239 fremens.

144 2273 278 2356 Regulus
292 2285 379 2352 atque
394 2273 490 2354 aspis,
505 2273 614 2333 cedunt
627 2273 675 2333 cui
690 2285 795 2335 cuncta
808 2291 921 2333 venena
936 2295 943 2330 ι

130 2417 136 2433 ,
181 2366 316 2449 Vipera,
331 2368 524 2452 chersydros,
538 2388 624 2448 seps,
639 2368 747 2443 draco,
763 2366 909 2444 cenchris,
919 2365 1024 2450 hydra.

142 2462 286 2524 Parvulus
300 2462 364 2542 ipse
378 2482 454 2543 puer
467 2481 597 2540 persona
610 2472 723 2521 vetusta
738 2461 874 2535 dierum,

52 2636 56 2645 .
181 2555 325 2638 Egressus
339 2557 421 2633 cujus
434 2566 490 2612 stat
503 2554 567 2613 sine
581 2553 751 2634 principio;

141 2647 235 2730 Cujus
249 2647 356 2707 diffusa
370 2647 401 2705 in
416 2645 502 2706 labiis
518 2658 561 2705 cst
573 2647 666 2727 gratia
680 2644 809 2722 florens,

156 2805 161 2814 ,
178 2741 307 2825 Insignis
319 2741 418 2801 forma
431 2761 494 2821 prae
506 2740 613 2823 genitis
626 2740 785 2799 hominurn
798 2763 806 2798 :

139 2834 290 2918 Cujusque
304 2848 347 2896 cst
361 2835 463 2895 oriens
475 2856 510 2894 ex
523 2834 584 2894 alto
598 2855 711 2895 nomen
724 2833 868 2909 honoris,

180 2930 245 3010 Qui
258 2951 332 3005 nos,
347 2928 450 2990 lumen
463 2949 568 3012 agens,
580 2928 679 2990 visitat
692 2929 723 2988 in
736 2928 884 3003 tenebris3

139 3023 204 3106 Qui
216 3024 298 3086 venit
312 3026 348 3085 de
362 3021 483 3099 Edom,
499 3024 537 3082 de
549 3021 648 3084 Bosra
660 3036 741 3085 vcsre
754 3035 892 3095 cruenta,

177 3116 326 3194 Pulcher,
341 3117 536 3202 sanguineus,
551 3118 712 3194 candidus,
727 3131 815 3200 atque
829 3115 938 3188 ruber,

137 3210 311 3278 Calcaturus
323 3225 384 3278 erat
398 3213 450 3293 qui
463 3213 624 3277 torcularia
637 3211 717 3276 solus
728 3255 738 3290 ,
