2222 3844
15 3235 17 3290 l

193 289 369 342 nevira
391 289 419 340 s.
440 288 627 342 unnntctt
654 287 779 344 ttnnn
800 294 822 344 1.
910 283 951 346 35

75 381 199 444 Mendax
210 405 280 446 vera
293 384 403 459 refert,
419 397 577 445 etcertum
590 384 712 446 nunciat
725 406 820 448 error.

73 476 207 540 lusatiata
220 478 310 540 malis
323 500 390 557 quae
403 478 446 539 sic
459 477 564 539 fremit
577 499 630 539 ore
645 481 769 540 cruento

73 571 171 635 bestia
183 573 264 636 bella
277 592 402 634 movens
415 573 566 635 revocavit
578 593 704 634 munera
715 573 808 655 pacis.

73 727 145 780 UBI
176 727 407 780 LEPROSUM
431 725 596 779 OSCULO
620 726 702 779 SUO
727 729 956 784 PURGAVIT.

73 849 154 930 lune
168 863 355 924 Parisiacam
367 881 450 924 sacer
459 861 574 921 intrans
587 861 704 923 concite
717 875 841 944 portam

71 959 187 1021 Obviat
200 961 232 1024 in
246 957 354 1020 faciem
363 955 518 1039 leprosum
531 976 632 1017 versus
646 969 789 1039 euntem,

72 1053 134 1133 Qui
148 1055 209 1116 sibi
225 1056 326 1138 dispar
336 1072 416 1130 erat;
431 1080 487 1121 nec
501 1061 563 1142 jam
577 1079 595 1118 a
608 1080 639 1119 se
652 1059 786 1141 cognitus
796 1057 868 1118 ibat.

70 1147 127 1209 Vir
140 1149 270 1211 maculis
283 1153 399 1227 varius,
414 1166 480 1214 cute
494 1155 610 1228 nudus,
625 1151 749 1214 vulnere
764 1163 876 1225 tectus,

71 1242 154 1306 Tabe
169 1243 268 1306 lloens
278 1290 287 1321 ‚
299 1266 400 1329 gressu
413 1267 508 1330 aeger,
525 1247 615 1327 inops
628 1247 711 1322 visu,
727 1265 815 1326 asper
827 1241 960 1321 amictu,

72 1337 180 1400 Mente
189 1340 295 1415 hebes,
305 1361 358 1401 ore
368 1353 487 1422 putens,
496 1341 611 1402 lacerus
622 1341 712 1421 pede,
723 1360 798 1401 voce
810 1341 961 1402 refrictus:

71 1432 216 1495 Induerat
231 1433 375 1494 miserum
387 1435 545 1517 peregrino
559 1434 691 1517 tegmine
704 1433 821 1515 pallor,

73 1527 264 1609 Improvisus
279 1527 361 1588 enim
374 1528 454 1589 hunc
465 1542 582 1589 sanctus
593 1548 645 1588 sua
656 1529 695 1587 ad
710 1526 811 1589 oscula
823 1527 928 1605 traxit,

73 1621 312 1704 Astringensque
326 1623 424 1682 virum
437 1622 504 1682 suso
518 1622 720 1684 medicamine
733 1621 819 1682 laxat.

73 1715 159 1776 Nam
173 1715 265 1776 simul
276 1727 309 1777 ut
320 1716 415 1797 tetigit
428 1716 600 1778 benedictas
614 1737 667 1776 ore
679 1715 804 1793 salivas,

72 1807 195 1893 Effugit
204 1809 394 1892 unguiferum
408 1809 560 1892 languoris
571 1811 687 1872 sarcina
700 1823 811 1872 tactum
822 1833 830 1883 3

74 1902 185 1965 Mersa
197 1904 290 1987 figura
302 1903 400 1979 redit,
415 1902 525 1966 faciem
539 1905 614 1966 cutis
626 1905 740 1965 advena
752 1907 858 1979 vestit,

74 1999 125 2060 Ad
138 1999 299 2080 speculum
311 2012 424 2061 remeat
435 2000 595 2082 peregrina
605 1999 704 2061 fronte
717 2001 886 2078 character,

76 2093 118 2154 Et
131 2093 234 2155 deleta
247 2094 298 2154 diu
310 2094 485 2156 rescribitur
498 2094 559 2154 oris
573 2093 692 2176 imago,

77 2187 241 2249 Virtutum
254 2208 344 2268 quam
357 2187 435 2250 celsa
448 2187 521 2248 fides
532 2188 585 2247 ubi
599 2186 717 2250 concite
730 2187 824 2248 sancti

78 2281 173 2344 Pacis
187 2282 225 2342 ab
238 2282 338 2344 officio
352 2282 508 2363 perierunt
519 2280 623 2362 praelia
635 2280 757 2354 morbi,

82 2373 260 2458 Complexo
277 2397 325 2437 res
339 2377 404 2436 dira
417 2375 490 2460 sugit
501 2374 653 2458 languoris
665 2372 780 2452 iniqui,

81 2468 176 2533 Peste
190 2472 314 2533 cadente
328 2490 438 2531 novam
451 2481 604 2554 gesserunt
618 2467 719 2530 oscula
732 2485 872 2550 pugnam.

82 2563 206 2650 lnclyta
217 2563 332 2648 relligio
347 2563 496 2640 Martini,
510 2565 592 2646 cujus
603 2563 739 2638 honore,

82 2660 238 2733 Foedere,
252 2659 320 2720 ficta
333 2659 406 2720 fides
420 2658 566 2719 formosat
581 2656 677 2731 foeda,
692 2655 798 2716 fidelis.

86 2750 119 2814 Ο
137 2751 210 2812 selix
223 2752 325 2834 regio,
337 2752 432 2814 sancti
445 2753 543 2833 pede,
559 2751 673 2812 lumine
687 2762 763 2811 tacta
776 2750 785 2810 l

86 2845 220 2907 lllnstris
233 2845 374 2907 lustrante
385 2846 452 2907 viro
466 2845 550 2919 loca,
563 2844 671 2919 lustra,
685 2843 825 2927 ligustra,

88 2939 210 3016 Urbes,
225 2959 307 3013 rura,
322 2941 443 3015 domos,
458 2938 583 3020 templa,
599 2938 723 3020 oppida,
739 2937 862 3014 moenia,
871 2938 970 3017 villas,

92 3032 237 3114 Quaeque
249 3033 307 3095 viri
320 3032 443 3118 insignis
456 3045 520 3094 tam
540 3033 667 3116 insignia
679 3032 762 3117 signa
776 3032 919 3110 mereris,

95 3126 192 3212 Cujus
204 3127 243 3190 ab
256 3147 310 3190 ore
321 3147 405 3190 sacro
417 3126 567 3212 magnalia
580 3140 685 3190 caetera
697 3126 820 3189 vincens
833 3167 843 3201 ,
941 3156 943 3160 Α
