2230 3838
258 303 518 357 POEMATUM
540 305 673 358 LIBER*
695 307 756 360 ΙΙΙ.
899 297 954 359 151

62 403 142 466 Non
156 405 245 466 decet
259 416 293 464 ut
306 404 415 464 humili
429 405 543 466 tumulo
556 419 606 466 tua
618 408 756 468 membra
768 419 922 492 tegantur,

108 495 181 558 Neu
193 498 330 579 pretium
343 500 449 558 mundi
463 499 532 561 vilia
548 521 613 562 sara
625 515 774 582 premant.

67 591 231 674 Indignum
244 605 290 652 est
302 595 385 674 eujus
398 593 573 655 clauduntur
585 609 689 657 cuncta
700 595 830 679 pugillo,

76 742 82 746 .
115 684 157 744 Ut
167 699 246 768 tegat
259 685 409 748 inclusum
422 708 497 768 rupe
508 701 626 750 vetante
638 689 724 770 lapis.

69 777 176 840 Lintea
188 767 262 840 folle
275 801 401 862 precor,
418 784 535 843 sudaria
546 783 648 864 linque
662 784 838 864 sepulchro,

110 872 158 934 Tu
171 874 244 935 satis
256 895 288 935 es
300 875 408 952 nobis,
424 888 454 936 et
467 876 531 938 sine
544 891 573 938 te
587 877 664 938 nihil
676 891 729 939 est.

65 965 159 1030 Solve
173 980 324 1030 catenatas
333 970 447 1031 inserui
462 972 590 1034 carceris
602 972 741 1046 umbras,

107 1061 152 1122 Et
164 1083 276 1125 revoca
289 1085 406 1125 sursum
420 1065 562 1145 quicquid
576 1068 613 1126 ad
626 1066 688 1126 ima
700 1065 769 1127 ruit.

68 1155 175 1217 Redde
188 1170 272 1218 tuam
283 1157 408 1234 faciem,
423 1160 542 1221 videant
554 1173 586 1221 ut
597 1160 695 1222 secula
708 1161 828 1234 lumen,

110 1249 218 1312 Redde
230 1251 312 1312 diem
326 1253 378 1332 qui
390 1275 447 1313 nos
458 1255 651 1334 temoriente
665 1255 747 1337 fugit.

68 1341 130 1405 Sed
142 1345 233 1426 plane
247 1347 380 1428 implesti
394 1337 535 1408 remeans
544 1348 594 1428 pie
607 1349 703 1410 victor
715 1349 753 1408 ad
767 1347 890 1423 orbem,

107 1437 236 1500 Tartara
250 1462 354 1521 pressa
366 1444 481 1523 jacent,
496 1463 552 1505 nec
563 1463 615 1503 sua
627 1444 693 1524 jura
706 1452 818 1502 teuent.

63 1533 185 1596 lulerus
199 1535 433 1596 insaturabiliter
444 1555 515 1598 cava
527 1549 644 1619 guttura
656 1537 812 1617 pandens,

112 1626 174 1707 Qui
187 1629 290 1709 rapuit
300 1649 421 1710 semper
432 1630 465 1689 fit
478 1643 528 1690 tua
540 1632 655 1714 praeda,
670 1629 764 1690 Deus.

65 1717 170 1801 Eripis
183 1721 378 1783 innumerum
392 1723 541 1804 populum
558 1724 595 1783 de
609 1744 729 1785 carcere
742 1725 866 1801 mortis,

105 1815 149 1877 Et
159 1817 294 1895 sequitur
305 1816 384 1878 liber
397 1838 457 1897 quo
471 1838 540 1877 suus
553 1830 657 1879 auctor
668 1818 738 1877 adit.

67 1908 193 1970 Evomit
207 1911 379 1992 absorptam
392 1912 542 1992 trepidam
557 1911 621 1972 fera
634 1911 734 1972 bellua
747 1913 897 1993 praedam,

107 2002 149 2065 Et
160 2006 200 2065 de
213 2005 298 2066 fauce
309 2004 374 2086 lupi
386 2005 531 2066 subtrahit
545 2026 636 2089 agnus
650 2027 730 2067 oves.

9 2147 10 2152 1
66 2096 154 2160 Hinc
163 2099 314 2158 tumulum
329 2112 469 2181 repetens
479 2113 547 2180 post
560 2113 668 2160 tartara
681 2120 770 2162 carne
782 2113 952 2182 resumpta,
992 2105 994 2110 ’

9 2199 28 2275 ᾗ
104 2192 244 2276 Belliger
257 2194 294 2253 ad
306 2193 396 2255 coelos
409 2193 511 2274 ampla
523 2195 656 2275 trophaea
671 2195 774 2255 refers.

30 2294 49 2387 'p
72 2283 156 2365 Quos
167 2287 273 2347 habuit
285 2287 402 2367 poenale
418 2286 536 2363 Chaos,
550 2289 613 2370 jam
626 2288 757 2347 reddidit
770 2287 861 2362 inte,

109 2379 148 2440 Et
162 2401 239 2460 quos
254 2401 336 2441 mors
348 2395 481 2462 peteret,
494 2382 550 2442 hos
561 2402 640 2444 nova
653 2383 713 2442 vita
724 2393 816 2441 tenet.

99 2493 133 2534 ex
144 2495 246 2550 sacer,
261 2495 330 2537 ecce
344 2476 387 2536 tui
401 2477 496 2536 radiat
509 2497 579 2557 pars
592 2497 700 2559 magua
713 2474 878 2556 triumphi,

136 2589 191 2628 um
201 2588 291 2650 puras
305 2573 419 2631 adimas
432 2583 532 2632 sancta
544 2570 661 2632 lavacra
673 2570 773 2630 beant.

72 2659 141 2723 Can
198 2683 232 2722 us
245 2664 393 2746 egreditur
405 2665 508 2725 nitidis
520 2664 663 2726 exercitus
675 2663 781 2739 undis,

105 2756 189 2836 Atqu
221 2770 304 2817 vetus
313 2758 420 2819 vitium
431 2771 535 2842 purgat
548 2758 579 2818 iu
592 2779 681 2823 amne
693 2777 783 2818 novo.

63 2847 230 2933 Fulgentes
242 2851 357 2912 animas
369 2853 457 2912 vestis
471 2873 589 2931 quoque
602 2852 727 2912 candida
738 2852 849 2935 signat,

104 2941 147 3003 Et
157 2965 246 3031 grege
260 2946 297 3006 de
311 2946 401 3008 niveo
411 2945 517 3028 gaudia
530 2959 633 3028 pastor
646 2945 743 3006 habet.

62 3037 195 3098 Additur
205 3038 262 3099 hac
273 3037 360 3100 Felix
373 3060 497 3101 consors
509 3039 648 3101 mercede
663 3040 818 3114 sacerdos,

106 3129 174 3211 Qui
185 3131 257 3194 dare
270 3131 333 3196 vult
345 3133 470 3196 domino
483 3132 574 3215 dupla
587 3132 697 3193 talenta
711 3151 774 3193 suo.
