2218 3862
171 282 235 348 ψ
438 284 475 335 V.
498 283 534 336 Η.
554 283 802 344 FORTUNATI

170 371 258 452 Quid
276 372 481 551 patqi'agham
500 374 674 455 Abraham,
695 377 794 460 Isaac,
819 385 924 453 Jacob
947 413 1060 481 quoque

359 469 368 482 “
410 470 465 528 os?

211 561 296 625 Cum
309 565 348 624 de
360 563 426 646 lege
437 563 522 624 ueris
534 584 627 625 nemo
640 565 756 629 solutus
767 571 859 634 adest.

166 657 397 722 Melchisedech
407 658 499 720 etiam
512 659 630 719 domiui
641 680 727 722 sacer
740 684 793 724 ore
806 672 971 753 sacerdos,

209 752 276 813 Job
290 773 411 831 quoque
422 773 474 812 seu
486 751 580 833 geniti
592 752 637 813 sic
649 753 752 816 abiere
764 758 819 818 sui.

166 846 291 931 Legiier
303 849 369 928 ipse
380 849 458 928 jacet
473 843 597 929 Moyses
608 846 771 928 Aaronque
784 857 950 936 sacerdos,

150 1003 153 1010 ,
208 941 421 1020 Alloquiisque
432 937 496 1000 Dei
509 940 615 1022 diguus
627 941 741 1002 amicus
755 945 829 1005 obit.

168 1036 390 1115 Successorque
401 1054 471 1093 suus
481 1032 591 1112 populi
603 1035 662 1093 tux
673 1033 802 1120 inclytus
815 1037 900 1102 lesus
914 1085 926 1121 ,

210 1129 302 1210 Quos
310 1128 407 1212 legitis
418 1127 522 1202 libris,
535 1127 706 1189 occubuere
717 1142 826 1208 patres.

169 1226 257 1307 Quid
268 1223 414 1294 Gedeou,
424 1218 571 1294 Samson,
585 1219 634 1281 vel
645 1221 779 1301 quisquis
790 1224 822 1284 in
835 1228 951 1292 ordine
962 1235 1063 1315 judex?

207 1315 346 1378 Mortem
358 1315 414 1376 sub
426 1315 551 1374 domiuo
563 1312 663 1395 judice
676 1336 768 1377 nemo
780 1317 865 1400 sugit.

165 1413 303 1476 Israelita
312 1422 421 1492 potens
430 1406 533 1468 David
546 1427 596 1468 rex
608 1420 697 1487 atque
710 1424 818 1489 poeta,

208 1507 264 1567 Fst
274 1506 347 1567 situs
359 1506 391 1564 in
404 1501 521 1563 tumulo
534 1523 603 1563 cum
617 1499 784 1565 Salomone
796 1527 862 1566 suo.

164 1601 274 1676 isaias,
288 1598 418 1672 Daniel,
434 1595 573 1669 Samuel,
587 1595 744 1676 Jonasque
756 1599 879 1676 beatus,

209 1694 321 1755 Vivens
334 1693 389 1753 sub
400 1691 526 1773 pelago,
540 1701 596 1749 stat
609 1692 702 1750 modo
712 1712 831 1771 pressus
842 1695 956 1760 humo.

163 1782 1050 1871 PrincepsclavePetrus‚primusquoquedogmatePaulus,

206 1879 355 1960 Quamvis
368 1877 453 1940 ceisae
467 1876 593 1949 animae,
608 1897 738 1956 corpora
750 1890 830 1940 terra
843 1884 930 1965 tegit.

163 1973 289 2038 Seruius
303 1973 340 2033 ab
351 1971 485 2031 humano
499 1990 567 2032 cum
579 1969 678 2029 nullus
691 1972 790 2052 major
802 1973 955 2056 habetur,

203 2067 264 2130 Vir
273 2061 413 2147 Baptista
424 2079 532 2147 potens
545 2064 610 2144 ipse
623 2062 645 2122 J
648 2082 761 2124 oannes
774 2066 850 2127 obit.

162 2163 275 2227 Enoch
290 2159 453 2238 Heliasque
466 2159 525 2219 boc
536 2157 631 2219 adhuc
644 2170 757 2239 spectat
770 2172 896 2241 uterque
912 2187 920 2223 :

204 2259 272 2340 Qui
283 2269 360 2317 satus
372 2272 407 2314 ex
419 2252 542 2313 homine
556 2264 599 2311 est
613 2264 642 2312 et
653 2253 818 2314 moriturus
830 2255 897 2319 erit.

160 2351 231 2435 lpse
246 2351 374 2416 Creator
388 2368 479 2409 ovans
489 2366 610 2428 surgens
623 2347 683 2408 cito
696 2345 833 2408 Christus
845 2351 886 2411 ab
899 2356 1035 2432 umbris,

203 2446 266 2507 Hic
278 2445 347 2525 quia
359 2456 444 2503 natus
456 2442 549 2501 homo
563 2451 622 2514 est,
638 2459 727 2502 carue
739 2441 873 2522 sepultus
886 2444 996 2509 humo.

161 2538 241 2619 Quis
252 2559 325 2628 rogo
337 2559 399 2598 non
412 2536 541 2596 moritur
549 2545 560 2608 ,’
572 2547 705 2596 mortem
717 2548 850 2616 gustante
862 2539 981 2620 salute,

198 2631 284 2692 Dum
298 2651 355 2711 pro
367 2651 416 2690 me
429 2629 523 2692 voluit
536 2628 585 2690 hic
598 2649 666 2689 mea
678 2629 738 2690 vita
748 2631 850 2690 mori?

157 2723 220 2789 Dic
232 2725 307 2786 mihi
320 2725 391 2803 quid
405 2735 545 2804 poterunt
559 2723 681 2804 Augusti
696 2735 745 2784 aut
756 2723 889 2786 culmina
904 2750 1027 2813 regum,

199 2817 341 2880 Membra
355 2815 508 2880 Creatoris
522 2837 590 2880 cum
602 2819 721 2899 jacuere
734 2818 847 2898 petris?

156 2913 286 2978 Brachia
299 2933 361 2974 non
375 2913 527 2972 retrahunt
538 2911 646 2985 fortes,
659 2930 757 2990 usque
769 2933 905 2994 purpura
919 2937 1017 3001 reges,

195 3006 255 3068 Vir
269 3008 436 3086 quicunque
447 3007 527 3067 venit
538 3005 679 3086 pulvere,
694 3005 792 3086 pulvis
803 3007 869 3068 erit.

157 3098 319 3160 Nascimur
331 3099 457 3177 aequales
470 3100 677 3180 morimurque
689 3098 842 3180 equaliter
855 3121 982 3182 omnes,
