2222 3852
250 339 505 421 rosnarum
526 363 660 416 trouu
683 365 752 419 vn.
892 378 952 442 ²79

108 459 150 521 Et
165 459 254 522 nobis
265 458 378 542 pariter
391 456 440 518 lux
451 456 600 540 geminata
613 457 699 518 redit.

172 611 204 661 x.
223 609 286 691 ¹nn
307 607 487 661 nannum
510 594 615 662 ross
636 609 839 666 asomum.

65 721 175 807 Ursus
187 745 262 806 mihi
275 745 365 806 rediit
378 744 506 806 radianti
517 743 632 806 lumine
644 745 761 807 vultus?

108 837 188 919 Quae
200 839 292 900 nimis
305 840 459 900 absentem
471 851 500 900 te
514 851 635 900 tenuere
651 843 763 903 morae?

66 933 240 998 Abstuleras
251 947 370 1010 tecum,
383 954 506 996 revocas
520 954 587 996 mea
600 934 706 1017 gandia
719 948 838 1016 tecum,

111 1028 347 1108 Pascbalcmque
360 1029 432 1091 facis
444 1027 492 1090 bis
505 1029 658 1090 celebrare
673 1030 764 1091 diem.
869 1091 872 1096 ,

69 1123 218 1204 Quamvis
228 1123 375 1206 incip'iant
387 1116 481 1183 modo
495 1143 614 1206 surgere
627 1124 743 1185 semina
754 1124 860 1202 sulcis,

112 1217 177 1280 Hic
190 1229 310 1302 egomet
319 1217 410 1278 bodie
423 1230 453 1277 te
466 1216 630 1278 revidendo
645 1230 737 1278 meto.

71 1311 191 1396 Colligo
201 1314 262 1394 jam
273 1311 389 1395 fruges,
404 1310 539 1392 placidos
553 1330 706 1391 compono
722 1309 891 1392 maniplos,

109 1405 204 1485 Quod
215 1405 291 1466 solet
304 1417 441 1488 augustus
453 1405 582 1479 mensis,
597 1405 701 1486 aprilis
713 1406 782 1488 agit.

68 1499 110 1562 Et
119 1501 191 1562 licet
204 1500 357 1581 imprimis
371 1500 465 1560 modo
477 1519 597 1583 gemma
610 1512 639 1560 et
651 1500 813 1582 pampinus
826 1500 901 1577 exit,

109 1594 185 1655 Jarn
198 1615 282 1655 mens
295 1607 455 1654 autumnus
467 1594 549 1655 veuit
562 1606 591 1654 et
603 1605 659 1654 uva
671 1591 770 1654 simul.

70 1687 172 1754 Malus
185 1700 215 1749 et
225 1685 283 1750 elta
295 1708 388 1771 pyrus
399 1700 498 1770 gratos
509 1689 602 1748 modo
613 1688 711 1748 fundit
722 1690 873 1767 honores,
897 1736 901 1741 -

113 1781 176 1842 Sed
186 1802 256 1844 cnm
269 1779 345 1842 flore
358 1800 439 1841 noro
452 1784 514 1863 jam
527 1781 602 1842 mihi
615 1801 707 1863 poma
720 1784 829 1844 ferunt.

72 1873 223 1956 Quamvis
235 1875 331 1935 nudus
345 1893 414 1958 ager
427 1874 518 1936 nullis
531 1889 673 1936 oneretur
684 1876 799 1954 aristis,

115 1967 234 2030 Omnia
246 1968 337 2051 plena
349 1981 450 2030 tamen
461 1981 490 2031 te
503 1969 647 2031 redeunte
660 1970 766 2031 nitent.

112 2119 159 2170 xJ.
177 2119 227 2170 AD
247 2118 478 2182 (thematum,
497 2119 569 2171 Ptto
587 2119 823 2173 INFlRMlTATE
841 2119 919 2173 SUA.

76 2227 192 2314 Venta
205 2252 242 2311 ad
255 2263 400 2334 aegrotum
410 2251 523 2313 medici
536 2271 593 2314 vor
608 2251 687 2313 alma
701 2251 851 2334 Gregori,

115 2345 207 2406 Urbe
220 2365 255 2406 ex
267 2343 422 2407 Turonica
435 2346 507 2407 dum
519 2347 616 2423 cubo,
636 2365 722 2421 rure,
735 2346 833 2406 thoro.

77 2439 208 2505 Concite
219 2439 394 2523 presbytero
407 2441 551 2502 recitante
565 2439 670 2502 Leone
683 2461 808 2516 sereno,

118 2533 203 2596 lrem
216 2546 248 2593 ut
262 2531 390 2594 Martini
402 2547 470 2595 sunt
482 2536 535 2596 ubi
547 2527 620 2596 lesta
633 2536 687 2616 pii.

76 2627 160 2690 Tum
174 2627 270 2690 fateor
282 2628 383 2689 morbi
393 2649 484 2711 grave
498 2629 649 2690 debilitate
663 2628 821 2704 laborans,
860 2693 866 2710 ¹

120 2721 222 2785 Febre
235 2720 334 2785 calens
347 2743 482 2799 summa,
496 2727 558 2806 jam
572 2723 652 2808 rigor
663 2725 742 2785 intus
754 2745 846 2785 cram.

78 2815 166 2878 Hinc
179 2815 289 2908 fragilis
303 2817 432 2878 nimium
445 2817 517 2878 sorti
531 2816 673 2902 languore
687 2819 825 2897 redacto,

120 2908 248 2972 Viscera
258 2908 332 2972 laesa
344 2911 459 2987 levans,
475 2912 582 2974 halitus
596 2934 673 2995 aeger
684 2926 757 2975 erat.

78 3001 148 3064 lbat
159 3003 311 3066 anhelanti
323 3024 419 3086 vapor
429 3006 529 3067 aridus
542 3025 595 3066 ora
609 3027 772 3087 perurens,

122 3095 191 3159 lbat
201 3098 240 3159 ab
251 3099 366 3161 arcanis
376 3098 494 3161 flatibus
507 3120 578 3160 aura
591 3120 731 3180 coquens.

10 3255 11 3276 ,
80 3189 199 3256 Feruor
209 3206 400 3273 eram-totus,
414 3195 506 3257 tristis
519 3215 607 3280 rogus
617 3195 684 3279 igne
696 3193 852 3272 caminus,
