2218 3862
279 355 515 408 nonnosum
539 354 667 408 monn
686 357 737 408 1x.
885 343 944 406 321

108 443 151 506 Et
162 446 213 527 pie
226 449 374 528 captivam
388 450 435 510 sac
449 468 583 510 remeare
597 469 691 509 suam.

67 538 153 601 lnter
165 554 319 618 utramque
332 563 439 602 necem
453 542 499 603 cui
513 542 560 602 lex
572 555 602 602 et
614 542 676 601 filia
688 540 774 617 defit,

109 631 199 692 Unus
210 634 241 693 in
255 634 398 696 ambabus
410 635 500 695 rebus
511 637 612 696 adesto
626 634 712 696 salos.

111 791 231 844 XXVIII.
249 792 320 842 PRO
338 791 465 844 EADEM
476 792 547 867 RE,
565 793 614 844 ΑΙ)
631 790 903 844 rtonlttt’rtttum.

67 897 157 978 Duru
170 919 264 1000 pergit
275 918 347 980 hinc
358 920 482 998 quisque
494 921 590 991 viam,
604 939 672 980 mea
683 919 791 1002 pagina
803 927 919 992 currat,

111 1011 223 1072 Prodat
237 1023 267 1070 ut
280 1011 401 1090 eloquio
414 1016 494 1092 quod
507 1013 563 1073 sibi
578 1012 666 1071 debet
678 1032 773 1072 amor.

65 1103 159 1166 Nunc
171 1124 289 1184 quoque
301 1124 368 1166 care
381 1107 475 1181 mihi,
489 1108 568 1166 bone
580 1125 717 1185 semper,
733 1103 829 1164 amice
840 1101 947 1182 fidelis,

110 1195 237 1258 Pectore
252 1198 375 1260 devotus
388 1200 481 1259 reddo
496 1198 596 1259 salutis
609 1217 693 1278 opus.

68 1287 260 1352 Commendo
271 1291 348 1353 hunc
359 1280 448 1352 etiam
458 1292 604 1352 famulum
612 1291 685 1350 dure
697 1301 764 1350 ante
777 1289 946 1365 redactum,

108 1382 219 1445 Tortus
230 1385 282 1462 qui
293 1385 390 1468 legem
404 1407 461 1447 nec
473 1386 617 1446 meruisse
628 1383 730 1467 gemit.

67 1475 126 1537 Illa
139 1477 242 1538 dolens
254 1479 369 1560 gravius
382 1500 472 1558 quam
485 1479 609 1539 vulnera
622 1497 750 1558 corpore
763 1475 835 1550 fixa,

115 1568 210 1647 Quod
219 1571 277 1630 sibi
289 1572 432 1634 subducta
444 1585 487 1633 est
498 1573 577 1646 fitia,
594 1589 702 1652 parva,
718 1569 809 1628 rudis.

68 1662 181 1723 'Audiat
191 1663 268 1726 hauc
281 1685 385 1727 vocem
399 1667 493 1747 pietas
506 1666 677 1726 miserando
690 1662 836 1744 benigne,

7 1757 14 1844 i
111 1751 189 1833 Quae
200 1756 258 1817 sibi
271 1779 340 1820 cum
353 1759 459 1820 tribuis
467 1756 562 1837 ‚irinc
574 1758 631 1823 tibi
644 1776 751 1840 magna
764 1753 858 1816 dabis.

95 1927 191 1979 xxix.
207 1929 256 1979 An
276 1929 493 1992 EPISCOPOS‚
512 1931 582 1984 PRO
603 1922 921 1983 COMMENDATIONE

395 2021 605 2060 renuentum

67 2109 264 2191 Ponrtrtcns
276 2125 403 2200 summi,
417 2124 487 2186 fidei
501 2125 565 2199 via,
580 2124 685 2185 semita
698 2123 783 2198 vitre,

109 2219 289 2300 Quos'dedit
300 2219 493 2299 omnipotens
503 2217 626 2278 luminis
639 2237 702 2278 esse
714 2218 820 2293 duces,

7 2303 8 2312 ἵ
69 2315 273 2392 Custodesque
286 2312 366 2394 gregi
380 2311 505 2373 coelestis
521 2311 647 2372 contulit
658 2330 766 2392 agnus,

109 2407 174 2467 Vos
186 2407 263 2490 bene
274 2418 424 2486 pastores,
438 2419 471 2465 ut
483 2406 639 2466 foveantur
653 2425 732 2466 oves.

66 2499 148 2562 Ecce
161 2500 256 2559 viator
268 2500 349 2559 adest
360 2519 505 2581 peragens
516 2500 573 2559 iter
585 2499 695 2561 inscius
709 2498 803 2575 illud,

110 2592 237 2653 Finibus
250 2591 361 2653 ltalicis
373 2592 431 2653 heu
445 2592 602 2676 peregrina
614 2612 746 2674 gemens.

67 2683 172 2746 Exulis
185 2684 341 2761 auxilium,
353 2685 479 2746 errantis
491 2685 555 2760 via,
567 2704 675 2745 norma
689 2685 807 2760 salutis,

111 2779 160 2839 Ad
173 2779 302 2839 reditum
316 2779 420 2860 patriae
430 2778 494 2838 sitis
506 2779 622 2839 honore
636 2790 744 2859 patres.

70 2869 194 2933 Semina
206 2871 358 2952 proesentis
371 2872 518 2934 mercedis
531 2885 563 2935 ut
571 2871 674 2952 ampla
685 2871 822 2948 metatis,

109 2962 152 3023 Et
165 2965 265 3024 redeat
279 2964 364 3026 vobis
375 2964 573 3046 centuplicato
586 2983 676 3046 seges.

68 3051 251 3120 Fortunatus
263 3058 344 3117 enirn
354 3056 476 3118 humilis
485 3056 685 3118 commendor
695 3055 822 3135 opimis,

110 3148 223 3238 Asper
234 3169 287 3214 ros
300 3149 425 3214 domino
438 3149 569 3215 culmina
578 3161 678 3213 sancta
689 3167 811 3236 precor-2
901 3199 904 3202 .
