2222 3844
158 303 214 359 DE
234 301 334 357 vm
360 297 389 354 S.
408 295 594 353 MARTlNl
620 293 747 354 LIBER
764 299 823 356 111.
895 291 933 355 bt

68 395 189 462 Conlessi
202 404 325 459 exorant
335 391 403 454 lieri
416 412 447 453 se
459 390 523 474 lege
536 390 653 452 beatos.

65 492 106 553 Fit
116 493 210 555 subito
225 491 256 552 in
268 508 378 570 oampo
392 484 522 568 populus
534 485 765 549 catechumenus
778 494 894 556 omnis:

63 586 125 648 Non
136 585 251 668 templa
263 594 432 664 exspectant
444 601 502 642 nee
515 579 642 642 claustra
654 581 750 644 dicata
763 585 886 667 sacelli,

62 678 250 762 Ecclesiaeque
263 691 371 762 typum
385 695 509 758 campus
520 675 698 758 generosior
710 679 826 761 explet,

63 773 203 856 Quodque
217 773 294 835 solet
307 771 409 847 tectis,
422 769 515 852 pratis
528 769 688 831 adhibetur
700 777 822 855 apertis.

62 869 150 933 Uuiea
163 889 249 930 mors
261 866 349 949 pueri
362 866 405 928 sic
419 865 485 926 vitae
497 864 626 946 parturit
638 884 765 950 agmen,

58 962 193 1046 Dumque
205 983 283 1024 unus
293 975 381 1024 terrm
394 959 502 1036 rediit,
517 959 604 1041 plebs
615 973 693 1022 astra
706 965 840 1047 recepit;

62 1057 115 1121 Sub
127 1061 201 1123 duce
217 1056 354 1118 Martino
368 1054 439 1118 lelix
452 1055 597 1117 exercitus
614 1055 665 1118 bie
677 1069 729 1118 est

58 1151 133 1215 Dum
145 1165 264 1238 regeret
277 1151 419 1234 princeps
432 1151 500 1210 data
512 1151 580 1232 jura
593 1148 845 1234 Valentinianus,
899 1175 902 1182 ’

60 1246 208 1312 Romuleis
222 1247 333 1330 opibus
345 1246 460 1306 mundo
473 1244 638 1307 famulante
651 1249 817 1328 superbus,

60 1341 132 1404 'l'um
144 1345 196 1427 pia
212 1363 301 1406 causa
311 1361 430 1404 sacrum
443 1341 481 1401 ad
495 1341 674 1402 comitatum
688 1345 835 1425 compulit
849 1346 912 1427 ire,

61 1435 155 1518 Quem
166 1439 241 1520 quia
253 1437 407 1520 praesensit
420 1457 451 1500 se
463 1436 548 1517 posci
564 1435 635 1496 talia
648 1458 739 1500 caesar

61 1529 131 1612 Quae
143 1534 241 1596 nollet
254 1544 412 1614 praestare,
431 1531 497 1592 viro
510 1531 594 1612 jubet
607 1552 676 1594 arce
690 1534 817 1616 repelli,

63 1624 97 1687 Et
107 1641 182 1691 vetat
196 1649 216 1689 a
229 1626 344 1687 foribus
355 1638 513 1707 penetrare
527 1625 638 1705 palatia
650 1629 771 1709 justum.

62 1719 144 1785 lnstat
155 1726 193 1785 ad
207 1723 273 1784 baec
283 1741 372 1796 uxor,
388 1721 437 1783 cui
450 1733 522 1782 tunc
534 1734 597 1781 erat
612 1720 703 1784 Arius
715 1737 830 1788 auctor.

65 1813 115 1878 Sed
126 1840 209 1882 sacer
224 1830 256 1877 ut
267 1815 341 1877 vidit
355 1814 406 1875 tali
421 1835 453 1875 se
467 1815 571 1876 fraude
586 1817 711 1898 repelli,
772 1829 774 1838 ’

65 1906 135 1976 Hine
148 1913 220 1974 aula
233 1910 383 1985 exclusus,
398 1910 477 1970 redit
491 1930 576 1970 urma
589 1912 755 1977 domestica
767 1937 897 1981 sumens.

67 2001 233 2094 Contegitur
246 2005 333 2081 setis,
346 2005 530 2088 respergitur
543 2018 631 2086 atque
646 2006 772 2087 favillis,
812 2019 815 2026 '

64 2095 170 2165 Ordine
185 2101 276 2163 miles
286 2091 375 2184 agens
388 2112 526 2160 removet
536 2113 703 2182 potumque
716 2103 897 2189 cibumque,

63 2191 151 2260 Nocte
165 2198 275 2277 dieque
289 2216 396 2259 vacans
410 2194 516 2256 orandi
529 2195 637 2279 jugiter
650 2218 714 2258 usu.

65 2285 208 2372 Septimus
222 2311 292 2375 ergo
305 2290 369 2351 dies
383 2290 501 2366 aderat,
517 2310 577 2370 quo
590 2304 708 2354 sanctus
720 2312 846 2372 amore,

64 2379 157 2450 Fortia
169 2399 266 2450 castra
279 2405 404 2449 movens
416 2385 462 2446 bis
476 2385 637 2447 desudabat
649 2386 794 2448 inarmis.

65 2477 182 2566 Angelus
194 2482 331 2544 assistens
342 2481 427 2563 jubet
438 2480 482 2542 ire
496 2480 606 2562 palatia
618 2483 748 2564 justum,

64 2569 158 2640 Fretus
172 2579 206 2639 in
220 2576 328 2639 auxilio
343 2574 495 2638 Martinus
507 2577 606 2660 pergit
618 2577 656 2636 ad
670 2597 784 2639 arcem.

62 2665 170 2735 Limine
183 2672 283 2734 nullus
295 2671 397 2748 obest,
411 2673 450 2733 ad
462 2672 612 2754 principis
622 2692 679 2733 ora
692 2673 858 2755 perintrat,

63 2759 116 2842 Qui
129 2779 264 2830 sanetum
276 2766 440 2849 inspiciens
453 2768 534 2850 quod
546 2767 681 2844 adesset,
695 2767 828 2831 frenduit
842 2791 914 2849 ore,

62 2856 148 2939 Atque
161 2873 275 2924 astante
289 2862 358 2943 pio,
371 2861 449 2924 solio
462 2884 560 2945 neque
573 2864 665 2948 surgit
676 2864 714 2924 ab
727 2863 805 2943 alto,

63 2945 194 3037 Regalem
207 2955 311 3017 sellam
326 2977 395 3019 mox
408 2958 526 3042 ignibus
538 2959 629 3020 ardor
642 2959 795 3045 oberrat,

64 3039 173 3136 Etvaga
186 3048 308 3113 llamma
321 3065 418 3129 natat,
433 3074 492 3133 qua
505 3052 598 3115 molle
610 3054 703 3115 sedile
718 3068 872 3134 coruscat,

65 3133 193 3231 Undique
207 3146 271 3212 lusa
283 3148 403 3228 tureos,
420 3150 473 3213 sed
486 3150 581 3234 culpae
595 3151 710 3216 caesaris
724 3150 831 3306 ultrig,
