2222 3852
275 349 516 406 posueruut
538 351 666 408 truse
683 355 734 411 vr.
884 353 946 438 249

62 449 149 512 lntus
160 449 242 512 euim
254 451 336 513 varie
344 449 506 512 'ventorum
520 473 605 514 more
618 453 783 532 fremebat,

106 544 232 607 Viscera
246 546 426 607 conturbans
437 543 525 607 euru's
536 560 565 607 ct
579 560 677 609 auster
688 563 760 610 erat

64 636 141 699 Non
155 638 198 700 sic
207 635 325 698 AEoliis
337 638 472 699 turbatur
484 659 575 700 arena
586 641 745 721 procellis,

107 729 177 792 Nec
188 750 261 812 vaga
273 751 329 811 per
339 730 459 814 pelagus
472 733 582 813 puppis
597 735 698 795 adacta
711 735 822 797 tremit.
903 731 905 740 ’

65 820 134 884 Nec
145 822 189 884 sic
203 821 343 883 inflantur
354 837 511 885 ventorum
523 826 643 887 turbine
655 827 759 904 folles,

105 913 260 988 Malleolis
272 916 400 977 famulos
412 938 487 996 quos
500 917 584 978 faber
596 932 676 980 ustus
686 920 784 983 habet.

63 1007 150 1069 Alter
159 1009 193 1069 iu
206 1009 326 1070 alterius
337 1011 470 1071 ructabat
480 1011 562 1071 mole
576 1032 730 1089 susurros,

104 1100 145 1162 Et
156 1102 222 1162 sine
233 1114 265 1163 te
277 1123 396 1164 meeum
407 1124 505 1186 pugna
517 1105 646 1184 superba
658 1105 723 1167 luit.

67 1190 112 1254 Sit
122 1194 283 1277 tibilonga
295 1194 372 1255 salus
384 1195 462 1255 celsa
474 1217 543 1273 cum
557 1199 682 1279 conjuge
695 1212 813 1274 rector,

104 1285 145 1346 Et
156 1287 194 1348 de
205 1300 345 1347 uotorum
359 1286 446 1368 prole
457 1288 573 1349 voceris
586 1307 666 1349 avus.

65 1378 301 1441 lundis-honore
314 1393 421 1462 potens
434 1379 533 1441 felicia
545 1394 684 1462 tempora
697 1401 819 1460 cemos,

101 1470 143 1535 Et
155 1472 252 1535 valcas
262 1473 368 1557 longos
380 1472 591 1536 concelebrare
603 1475 698 1555 jocos.

215 1605 278 1677 xv.
299 1623 356 1675 ou
377 1623 600 1678 ucuuuruo
625 1622 791 1677 comme,

61 1742 223 1826 Dtmctss
235 1758 390 1840 Berulphe
403 1771 466 1820 tuas
479 1761 642 1841 spectando
655 1759 800 1837 libenter,

100 1855 156 1916 llle
168 1854 265 1914 fateor
278 1852 431 1933 duplicem
445 1853 617 1914 sustinuisse
631 1854 754 1916 lumem.

60 1947 112 2012 Sic
123 1967 180 2031 ego
194 1946 354 2008 credebam
367 1959 470 2025 quarta
480 1947 615 2007 satiarier
625 1946 717 2023 hora,

99 2041 155 2104 Me
167 2061 227 2102 nec
239 2040 276 2100 ad
289 2049 424 2102 octavam
437 2059 540 2100 mensa
552 2039 682 2122 benigna
693 2052 788 2102 vocat.

99 2226 221 2288 Litoma
233 2225 288 2286 fuit
300 2227 427 2307 prandia
440 2238 536 2287 vestra
550 2227 653 2308 magis.

59 2319 121 2382 Det
134 2321 193 2381 tibi
205 2331 274 2381 vota
286 2316 389 2394 Deus,
403 2340 460 2398 per
473 2341 563 2399 quem
578 2320 670 2404 ruodo
684 2317 750 2378 laeca
762 2329 919 2393 notamus,

99 2412 179 2476 Haec
193 2433 311 2492 quoquc
323 2413 395 2472 dum
408 2412 528 2487 scribo,
543 2410 610 2492 plus
623 2411 741 2472 satiatus
754 2430 834 2494 agor.

162 2566 246 2618 XVI·
271 2565 324 2617 DE
348 2564 549 2617 CONDONE
572 2562 834 2652 DQMESTIGO.

55 2665 277 2748 Trurouuus
289 2685 387 2767 longis
398 2683 490 2766 regali
501 2683 583 2743 dives
596 2681 628 2741 in
641 2681 709 2743 auls

52 2781 58 2794 '
97 2777 218 2838 Euituit
229 2778 343 2838 meritis
353 2777 448 2860 gloria
462 2773 572 2838 Condo
585 2775 651 2835 tuis.

52 2872 140 2936 Nam
152 2870 246 2932 semel
259 2883 291 2932 ut
303 2872 442 2951 juvenem
456 2868 538 2952 vigili
550 2881 580 2928 te
593 2859 716 2949 pectore
728 2865 820 2946 vidit,

95 2963 199 3047 Elegit
211 2957 312 3026 secum
325 2983 446 3044 semper
458 2963 569 3022 haltere
581 2981 694 3022 senem.

53 3057 137 3141 Quis
149 3057 205 3117 l'uit
216 3055 267 3118 ille
280 3057 414 3132 animus,
428 3056 476 3118 vel
490 3075 554 3134 quae
567 3051 734 3113 moderatio
747 3069 863 3125 sensus,

97 3146 182 3214 Cum
192 3150 283 3215 fueris
296 3148 384 3213 tantis
396 3149 513 3234 regibus
524 3165 600 3209 unus
612 3145 719 3220 amori
