2222 3852
295 386 538 442 POEMATUM
563 383 692 438 LIBER
715 384 748 436 V.
911 386 971 447 2¹9

81 475 232 540 Pervenit
244 497 303 559 qua
316 496 347 539 se
360 477 480 559 piseoso
495 473 634 556 Sequana
646 472 738 537 fluctu

125 569 163 632 ln
177 591 264 632 mare
275 572 352 647 lert,
364 574 467 654 juncto
481 569 724 652 Rhotomagense
737 568 814 628 sinu.

78 664 229 749 Jungirur
242 685 313 749 ergo
327 667 416 729 thoro
430 663 521 749 regali
534 663 666 727 culmine
678 663 778 746 virgo,

124 756 167 818 Et
180 778 291 843 magno
303 760 413 820 meruit
425 758 524 841 plebis
537 778 642 820 amore
655 756 726 819 coli.

84 848 154 912 llos
164 864 288 932 quoque
300 853 476 914 muneribus
489 850 700 935 permulcens,
714 849 838 912 vocibus
850 847 934 921 illos,

122 942 167 1006 Et
178 944 251 1008 licet
261 946 378 1029 ignotos
389 947 432 1009 sie
444 947 515 1010 sacis
526 967 589 1008 esse
601 965 679 1007 suos.

79 1035 191 1120 thue
201 1039 297 1102 fidelis
304 1041 337 1124 ii
349 1041 388 1102 sit
398 1061 471 1125 gens
484 1053 598 1103 armata
610 1060 666 1122 per
679 1056 778 1115 arms,

123 1132 232 1210 Just,
246 1135 312 1217 jure
327 1155 381 1196 suo
392 1155 425 1198 se
437 1154 558 1216 quoque
569 1131 634 1216 lege
647 1131 727 1215 liget.

82 1225 242 1310 Regnabat
252 1227 372 1310 placido
383 1249 572 1312 componens
583 1227 702 1288 tramite
714 1225 824 1299 vitam,

123 1317 315 1403 Pauperibus
326 1323 461 1386 tribuens
474 1324 588 1386 advena
601 1333 698 1384 mater
711 1329 783 1380 erat.

81 1411 217 1494 Quoque
229 1416 324 1500 magis
337 1437 429 1502 regno
442 1417 538 1499 possit
549 1433 703 1499 superesse
716 1411 861 1495 perenni,

125 1505 292 1572 Catholiese
303 1511 373 1573 fidei
386 1511 546 1575 conciliata
556 1511 664 1593 placet.

89 1596 120 1660 Ο
132 1603 221 1665 dolor
231 1603 354 1688 insignis
367 1605 420 1686 qui
431 1606 533 1667 differt
545 1619 683 1686 ternpore
696 1598 800 1674 fletos,

122 1692 339 1780 lugubresque
348 1699 429 1762 vices
441 1700 529 1782 plura
541 1697 692 1778 loquendo
706 1693 796 1754 tacet!

78 1787 230 1871 Improba
240 1813 305 1854 sors
317 1792 495 1870 hominurn,
509 1788 748 1872 qoaeimproriso
760 1784 860 1850 abdiu
868 1782 965 1865 lapsus

121 1881 186 1944 Tot
197 1884 279 1946 bona
290 1898 354 1948 torn
365 1887 465 1950 subito
477 1897 558 1948 sorte
569 1883 689 1948 volante
702 1881 797 1964 sugas!

80 1975 167 2038 Nom
179 1978 271 2042 breve
283 1992 404 2061 tempus
414 1979 529 2042 babens
541 1976 693 2041 consortia
705 1995 779 2039 nexo
789 1971 908 2058 jugalis,

123 2067 284 2153 Principio
296 2073 364 2134 ritae
377 2072 482 2136 funere
495 2085 581 2154 rapta
593 2071 658 2132 iuis.

81 2158 239 2244 Praecipiti
251 2185 321 2227 osso
332 2165 448 2229 volucri
460 2176 611 2247 praeventa
622 2163 677 2225 sub
689 2162 769 2238 ictu,

123 2253 256 2333 Deficit,
269 2271 300 2320 et
310 2279 396 2321 verso
408 2257 524 2320 lumine
536 2258 640 2320 lumen
655 2257 729 2319 obit.
775 2280 780 2291 ’

81 2349 193 2412 Infelix
204 2351 303 2412 nutrix
314 2353 416 2415 audito
428 2353 533 2415 sonere
546 2352 691 2429 olumnae,

124 2442 309 2507 Exanimum
322 2448 359 2508 ad
373 2466 482 2529 corpus
494 2447 542 2508 rix
555 2446 685 2508 animata
695 2444 785 2507 volat.

82 2537 155 2621 Ipso
166 2539 245 2601 inter
256 2539 382 2603 famulos
394 2541 571 2604 incumbens
584 2541 684 2624 prima
698 2539 811 2616 fidelis,

126 2630 205 2696 Haee
216 2636 338 2697 tandem
348 2635 448 2717 potuit
460 2635 558 2698 clausa
569 2634 678 2697 dolore
688 2633 783 2714 loqui.

83 2723 138 2790 Sic
150 2727 276 2809 placidae
288 2731 378 2791 matri
391 2729 519 2813 promisi
531 2729 662 2812 pessima
672 2730 786 2805 nutrix,

124 2819 173 2884 Te
185 2822 273 2908 longe
286 2823 473 2888 incolumem
487 2823 664 2888 Gelesuinta
677 2825 753 2885 fore.

83 2912 138 2979 Sic
152 2917 279 2981 extincta
289 2940 393 2982 meum
405 2939 475 2982 mea
486 2933 613 2984 cernunt
623 2919 738 2980 lumina
751 2919 873 2997 lumen,

125 3006 244 3072 Pallida
255 3013 298 3075 sie
311 3013 419 3090 iacies,
432 3035 490 3095 qua
503 3015 678 3076 roborante
691 3013 757 3074 ruit.

81 3099 147 3165 Die
158 3102 272 3185 aliquid
283 3107 448 3184 miserans,
462 3109 580 3169 miserae
594 3107 669 3168 mihi
682 3107 773 3167 redde
787 3105 938 3186 loquelas,

123 3193 215 3281 Quiri
229 3199 359 3264 reseram
372 3203 410 3264 ari
422 3214 553 3266 matrem
563 3201 589 3266 si
602 3221 739 3267 remeare
752 3199 846 3264 lieet?
