2218 3862
129 311 196 390 334
381 323 414 380 v.
444 325 481 378 n.
503 325 747 380 ronrunarr

169 414 306 478 Delicias
318 414 428 476 animae
440 428 470 477 te
483 415 594 496 loquor
604 435 668 478 esse
679 415 777 478 mea?

128 509 160 573 A
171 509 258 572 rubis
270 509 376 571 absens
388 509 469 572 uolui
479 510 593 592 jejunia
605 511 776 592 prandens,

170 603 241 666 Nec
251 603 316 664 sine
329 615 358 664 te
371 615 510 686 poteram
523 624 574 665 me
586 615 718 664 saturare
731 603 812 665 ribo.

128 695 194 758 Pro
206 697 333 758 summis
342 696 441 778 epulis
452 697 541 758 arido
553 710 605 756 tua
617 695 719 780 lingua
731 697 850 773 fuisset,

172 788 353 871 Replessent
364 790 501 850 animum
512 789 611 850 dulcia
622 789 714 849 verba
725 809 839 852 meum.

130 880 252 944 Ordine
263 883 316 944 sed
329 902 415 944 verso
428 883 563 944 medicus
574 881 640 942 sera
650 881 776 944 vulnera
787 882 902 967 gignit,

169 973 214 1036 Et
224 974 311 1035 fallax
322 988 419 1036 artem
429 975 611 1057 decipiendo
623 976 744 1056 probat.

131 1067 236 1150 Quem
241 1080 511 1148 nunquamsaturat
516 1058 849 1149 quioquidmare,terra
855 1070 1028 1150 ministrat,

174 1159 328 1224 Credebas
338 1161 405 1222 solo
416 1180 467 1222 me
479 1175 613 1224 saturare
626 1162 707 1225 cibo.

132 1253 195 1318 Sed
208 1257 301 1317 modu
312 1256 351 1316 da
363 1254 500 1330 reniam,
515 1275 636 1334 quaeso,
647 1255 759 1338 pietate
770 1267 895 1338 parata,

171 1349 308 1411 Alterius
318 1347 434 1411 facinus
444 1368 484 1410 ne
495 1349 572 1408 milri
585 1360 701 1412 constet
713 1369 799 1412 onus.

323 1499 405 1552 XVI.
427 1498 513 1551 PRO
534 1499 713 1554 MUNERE
736 1500 828 1553 SUO.

133 1595 308 1681 Connosur
318 1616 454 1699 propriis
465 1616 606 1679 manibus
615 1617 677 1681 hoc
683 1637 793 1679 munus
804 1615 940 1696 amoris,

173 1708 237 1772 Sed
248 1710 304 1771 tibi
318 1708 365 1771 vel
378 1711 511 1773 dominae
521 1712 560 1774 sit
572 1731 647 1794 rogo
658 1711 745 1774 dulce
756 1731 843 1774 meae.

131 1801 283 1889 ¹Quamvis
294 1802 399 1886 exiguo
410 1805 569 1865 rideantur
581 1805 684 1886 inepta
694 1816 818 1887 paratu,

176 1895 321 1959 Crestant
332 1896 442 1959 affectu
456 1919 522 1977 quae
535 1899 628 1958 ruodo
641 1917 734 1979 parva
745 1897 823 1959 iero.

134 1989 171 2053 Si
181 1990 260 2052 bene
271 1991 440 2073 perpendas
451 1992 533 2072 apud
545 2012 652 2053 omnes
662 2012 785 2072 semper
796 2001 955 2069 amantes,

175 2081 358 2146 Muneribus
369 2084 470 2166 parvis
481 2084 576 2170 gratia
587 2086 687 2168 major
696 2085 783 2147 inest.

332 2224 445 2279 xv11.
473 2226 554 2279 PRO
581 2223 827 2279 PRUNELLIS.

135 2325 365 2409 Tntnsunssss
382 2346 486 2429 epulas
497 2369 564 2428 quau
575 2365 674 2429 pruna
686 2345 795 2429 nigella
807 2357 973 2424 vocantur,

178 2438 209 2500 N
213 2461 248 2515 e,
262 2459 355 2522 rugo,
367 2440 514 2522 despicias
527 2461 592 2520 quae
604 2440 680 2501 mihi
693 2439 767 2502 silva
778 2440 871 2501 dedit.

137 2529 172 2595 si
185 2534 279 2593 modu
290 2532 368 2594 velle
380 2546 464 2597 tuum
478 2546 522 2595 est
534 2533 680 2596 silvestria
692 2554 810 2596 sumere
822 2553 937 2616 poma,

178 2623 272 2687 Unde
281 2625 402 2706 placere
413 2647 539 2706 queam,
555 2628 605 2688 dat
615 2627 743 2702 meliora
754 2625 850 2687 Deus.

136 2717 211 2782 Hoc
228 2739 347 2799 quoque
364 2738 428 2782 non
442 2733 558 2782 metuas
573 2721 656 2800 quud
680 2739 766 2780 ramo
785 2719 948 2782 umbrante
968 2743 1025 2805 pe·

302 2813 409 2895 pendit
419 2857 429 2888 ‚

178 2901 254 2965 Non
267 2905 355 2968 tellus
365 2906 490 2990 fungos,
504 2909 557 2968 sed
567 2907 650 2969 dedit
662 2906 755 2968 arbor
766 2927 850 2990 opes.

137 2997 213 3060 Nun
228 3019 283 3082 ego
297 3001 427 3064 erudelis
438 3002 489 3082 qui
501 3002 592 3063 matri
604 3001 767 3085 incongrua
780 3013 940 3083 praetem,

180 3089 233 3154 Ne
245 3093 362 3157 dubites
374 3114 467 3179 puros
478 3115 598 3158 sumere
611 3093 696 3158 laute
709 3095 804 3159 cibus.
