2222 3852
139 353 200 396 ιιι
406 345 439 401 r.
456 346 490 399 rr.
508 345 758 399 renuuntur
773 322 778 328 ’

140 439 213 501 Hoc
228 437 280 499 ubi
293 438 377 522 virgo
389 452 473 500 meto
485 439 646 519 audituque
659 439 797 502 exterrita
809 440 923 518 sensit,

183 531 288 594 Currit
297 534 335 592 ad
346 533 498 614 amplexus
514 532 676 594 Groisuinta
688 546 765 594 tuos.

136 625 217 688 Tum
231 627 332 687 matris
346 627 472 690 collecta
483 627 550 688 sinu
563 627 717 688 malesana
726 629 893 706 reclinans,

179 718 232 780 Ne
246 719 403 782 divellatur
414 742 445 781 se
459 733 540 781 tenet
553 743 649 803 ungue
663 741 779 784 manus.

138 813 269 874 Brachia
280 814 484 896 constringens
496 815 589 876 nectit
602 815 666 876 sine
679 817 739 876 fine
753 830 911 894 catenam,

179 907 221 968 Et
233 921 359 971 matrem
374 909 512 989 amplexu
525 929 645 989 persua
659 911 797 983 membra
807 911 890 994 ligat.

137 999 204 1062 lllis
216 1002 378 1064 visceribus
391 1002 515 1062 retineri
528 1001 589 1060 filia
602 1021 749 1082 poscens,

182 1093 229 1155 Ex
242 1095 349 1174 quibus
362 1106 429 1154 ante
442 1094 500 1154 sibi
514 1094 588 1156 lucis
602 1095 688 1177 origo
700 1095 765 1155 fuit.

142 1186 347 1252 Committens
359 1207 463 1249 secura
476 1190 538 1270 ejus
549 1209 580 1247 se
595 1188 673 1248 fasee
687 1187 798 1264 levari,

183 1280 276 1366 Cujus
290 1281 386 1344 clausa
399 1282 476 1342 uteri
488 1282 615 1363 pignore
629 1293 691 1343 tuta
704 1282 768 1342 suit.

139 1377 221 1440 Tum
233 1377 347 1460 gemitu
358 1378 391 1435 fit
403 1389 508 1437 moesta
520 1376 645 1451 domus,
661 1376 767 1458 strepit
779 1375 847 1437 aula
860 1376 999 1438 tumultu
1007 1423 1023 1456 ,

181 1470 305 1554 Reginae
318 1468 390 1531 lletu
403 1471 502 1552 plorat
518 1482 546 1530 et
561 1470 661 1530 omnis
672 1470 784 1531 honor.

137 1564 176 1627 In
189 1564 295 1647 populi
307 1565 382 1628 faeie
397 1565 603 1647 lacrymarum
612 1563 738 1624 flumina
749 1564 893 1642 sordent,

181 1659 285 1719 Infans
296 1659 346 1739 qni
359 1659 501 1721 allectum
512 1659 623 1734 nescit,
639 1671 668 1719 et
682 1659 746 1740 ipse
760 1659 863 1741 gemit.

139 1752 254 1814 Instant
267 1751 372 1834 legati,
389 1752 577 1814 Germanica
587 1773 677 1836 regna
687 1754 821 1832 requiri,

181 1844 349 1906 Narrantes
361 1845 457 1930 longae
469 1859 608 1927 tempora
619 1848 704 1906 tarda
715 1846 779 1906 viae.

141 1939 205 2002 Sed
216 1939 319 1998 matris
331 1941 406 2000 moti
419 1939 532 2023 gemitu
545 1961 600 2000 sua
606 1939 719 2002 viscera
732 1939 869 2018 solvunt,

182 2032 224 2093 Et
234 2033 285 2113 qui
299 2033 502 2116 compellunt,
516 2033 703 2095 (insimulare
717 2033 830 2095 volunt.
862 2033 879 2078 Ὗ

141 2125 228 2188 Dum
242 2139 318 2187 natae
332 2128 471 2209 amplexu
482 2129 614 2210 genetrix
627 2129 736 2188 nudata
747 2140 882 2204 tenetur,

183 2220 368 2283 Praetereunt
383 2221 511 2302 duplex,
524 2223 630 2297 tertia,
646 2235 765 2302 quarta,
778 2221 850 2284 dies.

139 2314 254 2377 Instant
265 2315 352 2399 legati
365 2328 437 2376 nota
448 2316 573 2399 regione
586 2316 712 2392 reverti,

184 2408 274 2490 Quos
284 2411 330 2470 his
342 2409 506 2490 alloquitur
519 2409 681 2474 Goisuinta
691 2429 822 2493 gemens.

142 2503 176 2566 Si
186 2503 303 2564 feritate
313 2504 404 2566 trucis
417 2525 579 2586 premerer
588 2504 703 2585 captiva
719 2502 850 2577 Geloni,

182 2595 298 2656 Forsan
314 2599 352 2657 ad
362 2597 415 2659 has
430 2597 577 2682 lacrymas
590 2611 620 2660 et
630 2599 698 2680 pins
709 2596 803 2657 hostis
814 2607 886 2656 erat.

143 2689 177 2752 si
189 2711 250 2752 nee
260 2693 350 2752 corde
363 2693 449 2773 pius,
463 2694 590 2774 rupidus
602 2693 675 2752 mihi
690 2693 824 2754 erederet
837 2691 931 2752 hostis
941 2735 956 2767 ,.

180 2783 227 2844 Ut
239 2798 340 2846 natam
352 2788 389 2847 ad
402 2787 534 2869 pretium
545 2788 673 2848 barbara
684 2787 789 2868 praeda
799 2788 892 2848 daret.

142 2877 177 2940 Si
189 2898 287 2959 neque
298 2879 342 2942 sic
354 2880 489 2940 animum
502 2881 574 2942 velit
587 2881 732 2943 inclinare
745 2892 919 2954 cruentum,

182 2970 276 3034 Matri
287 2987 440 3056 praestaret
452 2994 511 3053 quo
523 2974 612 3034 simul
627 2975 684 3035 iret
695 2973 761 3034 iter.

138 3066 232 3129 Nunc
243 3089 329 3129 mora
341 3069 422 3130 nulla
436 3069 539 3144 datur,
555 3069 658 3150 pretio·
666 3089 763 3148 neque
775 3065 925 3130 flectimur
939 3066 1007 3130 ullo
1018 3113 1026 3142 ‚

185 3159 250 3238 Qui
263 3161 339 3222 nihil
353 3160 485 3244 indulget
497 3161 600 3225 saevius
613 3161 696 3224 hoste
709 3173 808 3226 nocet.
