2222 3852
282 269 333 350 V.
351 267 407 351 ll.
432 268 835 367 FORTUNATI

342 580 781 686 POEMATUM

401 927 528 982 LIBER
551 929 722 984 SEXTUS.
743 953 746 958 ·

271 1161 289 1210 1.
309 1159 362 1210 un
383 1159 600 1236 uoeouuu
623 1129 865 1244 nunnsrrossd

123 1281 283 1365 Oeenses
296 1301 407 1362 orditas
420 1315 520 1385 egeret
533 1304 604 1363 dum
618 1302 730 1384 pollice
746 1302 891 1382 chordas,

160 1397 321 1475 Verbaque
335 1415 474 1476 percusso
486 1396 605 1478 pectine
618 1395 667 1456 fila
680 1397 794 1458 darent.

119 1491 196 1554 lllox
207 1501 363 1579 resonante
374 1488 439 1572 lyra
451 1489 545 1572 tetigit
559 1487 717 1550 dulcedine
730 1488 842 1572 sylvas,

160 1586 210 1646 Ad
221 1584 348 1668 cytharae
361 1595 462 1645 cantus
474 1583 563 1643 traxit
572 1601 679 1642 amore
694 1581 781 1644 feras.

121 1677 267 1758 Undique
280 1676 425 1737 miserunt
436 1689 558 1745 vacuata
571 1676 683 1737 cubilis
695 1678 815 1752 dames,

161 1771 311 1852 Deposita
323 1771 406 1832 rabie
419 1770 502 1852 tigris
515 1782 544 1830 et
557 1769 622 1850 ipse
635 1770 727 1830 venit.

123 1863 310 1927 Sollicitnute
323 1863 406 1925 melo
418 1860 701 1923 nimio.Philomela
711 1862 830 1936 volatu,
874 1894 877 1904 =

164 1957 297 2040 Pignora
309 1969 506 2019 contemnens
519 1956 594 2016 sessa
608 1957 738 2017 cucurrit
751 1957 822 2016 evis.

126 2050 186 2114 set
195 2052 328 2132 quamvis
341 2051 432 2132 longo
444 2050 541 2132 spatio
553 2049 710 2111 lassaverat
723 2051 799 2128 ales,

166 2146 216 2206 Ad
227 2157 330 2207 votum
341 2144 463 2208 veniens
475 2164 507 2218 se
519 2143 663 2204 recreavit
674 2143 744 2204 avis.
854 2177 857 2184 ·

128 2238 179 2302 sic
192 2238 361 2300 stimulante
370 2250 421 2298 tue
432 2249 535 2318 captus
545 2236 703 2298 dulcedine
717 2235 825 2320 Gugo,

169 2331 273 2415 Longa
282 2331 456 2415 peregrinus
467 2350 559 2417 regne
568 2331 665 2391 viator
676 2330 745 2390 adit.

127 2423 272 2505 Undique
283 2426 382 2486 festini
394 2424 517 2486 veniunt
527 2437 560 2488 ut
572 2424 743 2506 promptius
756 2441 877 2498 ornnes,

172 2514 225 2579 sic
235 2529 285 2578 tna
296 2517 395 2602 lingua
407 2517 515 2592 trahit,
528 2517 603 2578 sieut
615 2528 645 2578 et
657 2515 708 2575 ille
721 2514 804 2600 lyra:

128 2610 200 2693 lpse
212 2612 346 2694 fatigatus
358 2612 416 2674 huc
429 2622 587 2692 postquam
599 2609 714 2670 venerit
727 2607 809 2684 exul,

70 2761 73 2768 ,
172 2701 270 2764 Antea
283 2723 342 2782 quo
356 2703 470 2778 doluit,
484 2715 513 2762 te
527 2702 694 2764 medicante
706 2712 797 2762 seret.

130 2795 223 2868 Emis
234 2795 349 2858 afflictis
362 2796 507 2880 gemitus,
521 2809 591 2877 post
602 2794 708 2880 gaudia
720 2793 854 2874 plautas,

174 2889 224 2950 Ne
236 2903 337 2952 tamen
349 2901 502 2964 arescent,
517 2889 578 2949 oris
590 2890 628 2948 ab
642 2887 740 2948 imbre
752 2885 844 2949 sores.

134 2982 282 3052 dlldifices
293 3002 430 3046 sermone
443 2982 542 3056 sevos,
556 3001 635 3046 nova
645 2979 736 3041 melle
748 2979 917 3055 ministres,

176 3077 282 3149 Duleis
295 3091 325 3140 et
337 3075 448 3164 'eloquii
461 3087 580 3142 nectere
594 3065 687 3137 vineis
698 3092 779 3155 apes.
