2230 3838
264 337 504 395 potaturum
527 344 656 398 ornan
679 348 737 400 111.
885 333 942 420 167

95 427 157 494 Cui
170 449 265 511 quem
276 445 397 512 praestat
409 433 526 511 honor,
539 435 596 498 scis
609 439 767 500 moderare
779 441 913 524 gradum.

52 523 223 608 Promptus
235 525 274 584 ad
287 545 379 587 omne
393 527 482 590 decus
493 528 573 614 larga
586 532 721 594 bonitate
734 535 896 614 redundas,

97 619 160 680 Cui
170 640 203 680 se
217 620 371 704 conjungit
384 622 516 702 quisquis
528 625 559 684 in
574 626 648 688 orbe
661 629 753 690 venit.

55 711 190 774 Profluis
201 714 350 788 humane,
365 714 478 799 frugem
493 719 681 782 venientibus
691 722 802 802 offers,

102 806 142 868 Et
153 819 203 868 tua
213 808 248 868 fit
260 809 381 891 populis
394 812 536 873 omnibus
548 834 608 874 una
621 816 737 878 domus.

59 899 170 964 Verbis
181 903 298 984 quippe
309 903 369 965 suis
381 926 472 984 quem
485 927 565 989 papa
578 907 722 972 Leontius
736 911 840 990 essert,

95 996 226 1060 Judicio
239 998 315 1058 tanti
327 999 477 1062 credimus
490 1001 545 1062 ista
557 1001 624 1064 viri.

103 1163 480 1219 xx1x.nttPnTEttotttttt
497 1167 685 1235 ΑΒΒΑΤΕΜ,
702 1170 753 1222 DE
771 1169 905 1223 conten

395 1259 413 1296 tt
422 1260 444 1296 m
453 1261 470 1296 rt
479 1263 518 1298 rto
528 1261 570 1299 Ar
580 1262 605 1299 o.

54 1360 246 1442 Priamus
260 1378 379 1438 tandem
394 1377 496 1460 jussis,
511 1379 680 1439 venerande
694 1381 849 1456 sacerdos,

96 1471 248 1534 Nominis
261 1471 395 1534 officium
406 1473 471 1554 jure
487 1469 615 1533 Paterno
629 1473 715 1555 geris.
773 1527 777 1534 .

61 1565 130 1648 Qui
140 1565 273 1647 propriis
286 1565 402 1626 meritis
413 1586 524 1626 ornans
536 1565 641 1627 altaria
656 1565 786 1643 Christi,

33 1725 36 1730 ,
103 1659 181 1722 Tam
191 1679 285 1742 prece
299 1680 389 1740 quam
401 1673 472 1722 voto
485 1661 535 1720 das
547 1659 692 1744 placitura
704 1658 786 1723 Deo.

56 1755 230 1839 supplico,
244 1755 316 1817 cede
328 1768 431 1815 tamen
443 1753 468 1815 si
482 1754 554 1834 quid
567 1775 616 1815 me
630 1755 708 1815 forte
720 1753 842 1833 refellit,

89 1850 178 1911 Nam
190 1848 268 1911 solet
278 1849 332 1910 iste
347 1868 430 1910 meas
443 1869 530 1910 error
541 1849 652 1911 habere
666 1871 782 1912 manus.

60 1941 212 2006 Obtineat
223 1943 348 2025 supplex
361 1944 454 2004 modo
468 1944 577 2027 pagina
588 1943 679 2005 missa
691 1943 810 2005 salutis:

101 2037 181 2102 Haec
194 2058 315 2120 quoque
327 2059 397 2101 cum
409 2037 533 2122 relegis,
546 2059 597 2100 me
609 2057 780 2098 memorare
795 2036 878 2098 velis.

132 2204 228 2257 XXX.
251 2201 306 2254 ΑΙ)
330 2200 577 2256 RUGCONEM
603 2200 867 2278 otnttortttttt,

295 2292 429 2334 rosrna
451 2294 723 2332 russurrnuura.

57 2391 213 2478 Anrtuts
226 2411 345 2474 domini
359 2412 479 2495 pollens
489 2412 572 2475 bone
585 2410 690 2472 Bucco
704 2407 858 2485 minister,

105 2507 192 2571 Hinc
203 2506 261 2569 tibi
273 2507 396 2569 festinus
409 2509 521 2569 mando
534 2505 635 2568 salutis
647 2525 732 2585 opus.

53 2603 132 2667 Nos
144 2602 237 2664 maris
249 2602 354 2664 oceani
367 2602 517 2662 tumidum
528 2595 710 2663 circumfluit
722 2616 843 2677 aequor,

100 2695 150 2758 Te
164 2716 286 2776 quoque
299 2693 446 2771 Parisios,
461 2715 529 2758 care
542 2691 671 2767 sodalis,
685 2691 786 2752 habet.

57 2789 205 2872 Sequana
215 2803 246 2850 tc
259 2789 385 2865 retinet,
399 2810 455 2850 nos
467 2789 547 2850 unda
558 2785 737 2862 Britannica
750 2781 858 2868 cingit,

100 2883 231 2946 Dirisos
243 2883 331 2944 terris
343 2883 443 2968 alligat
455 2903 531 2944 unus
544 2899 641 2942 amor.

56 2979 139 3042 Non
151 2979 239 3040 furor
250 2977 301 3039 hic
312 2977 410 3062 pelagi
420 2977 535 3040 vultum
546 2973 623 3045 mihi
637 2971 784 3034 subtrahit
797 2968 902 3045 illum,

102 3071 176 3134 Nec
186 3070 305 3134 Boreas
315 3072 430 3149 aufert,
446 3070 540 3132 dulcis
553 3068 667 3142 amice,
680 3079 776 3126 tuum.

58 3165 194 3232 Pectore
206 3166 263 3229 sub
277 3178 380 3230 nostro
393 3179 456 3228 tam
469 3185 548 3248 saepe
562 3161 691 3226 recurris
702 3170 836 3232 amator,
