2222 3852
287 327 731 384 eosmlrosrcrsssr.
886 341 946 406 229
1022 363 1026 372 .

60 415 198 483 Brachia
208 417 259 499 qui
271 420 400 493 necdum
413 419 526 481 circum
539 432 590 480 tua
602 419 680 483 colla
692 424 818 500 caterio,'

107 509 205 592 Quod
218 512 301 595 digiti
313 525 483 591 nequeunt,
498 511 597 596 alligat
611 512 685 574 illud
696 533 792 575 amor.

61 603 200 689 Longius
213 606 284 666 inde
296 607 401 667 absens
414 606 475 682 ibi,
489 607 541 666 sed
555 607 692 690 pertingo
704 610 786 687 quod
798 623 893 691 opto,¹

108 699 184 778 Quo
197 701 276 780 pede
288 719 351 759 non
364 700 472 773 venio,
486 712 609 780 pectore
621 712 700 760 totus
713 720 762 762 eo.

61 791 140 854 Non
151 793 327 873 licetobstet
338 792 427 867 Arar,
438 790 671 872 Rhodanusque,
680 807 933 875 natamusamore‚

106 885 138 947 N
141 907 179 948 ec
190 898 269 948 vetat
281 886 325 947 ire
336 886 489 961 animum,
503 887 555 965 qui
566 897 644 947 vetat
655 886 700 946 ire
711 889 844 970 gradum.

61 979 140 1062 Legi
153 980 245 1040 etiam
258 979 364 1040 missos
376 979 476 1039 alieno
489 979 615 1038 nomine
627 1000 746 1057 versus,

107 1074 184 1154 Quo
198 1072 280 1153 quasi
291 1093 348 1154 per
358 1071 513 1153 speculum
525 1072 623 1133 reddit
636 1072 735 1156 imago
747 1074 856 1137 virum.

66 1167 168 1228 Fonte
179 1166 325 1229 camenali
338 1167 482 1247 quadrato
496 1165 595 1247 pergis
608 1177 638 1225 et
651 1165 737 1242 orbi,

105 1261 157 1322 Ad
168 1260 234 1323 loca
245 1282 310 1339 quae
322 1260 440 1333 nescis,
454 1259 571 1320 duceris
584 1258 645 1318 oris
658 1260 750 1339 aquis.

65 1354 151 1416 llinc
164 1374 283 1434 quoque
294 1373 357 1414 non
369 1353 469 1432 aliquo
483 1350 572 1412 nobis
583 1351 731 1414 abolende
743 1354 872 1430 recedis,
912 1367 914 1370 ·

109 1447 184 1527 Quo
197 1447 270 1506 fixus
282 1446 400 1527 scriptis
410 1446 542 1508 nosceris
554 1465 618 1506 esse
631 1445 699 1505 tuis.

67 1541 218 1602 lnteriora
230 1539 291 1600 mei
304 1552 463 1620 penetrans
475 1559 628 1620 possessor
640 1537 744 1621 agelli,

110 1633 196 1696 Felix
210 1645 356 1715 perpetuo
369 1632 463 1694 dulcis
475 1632 573 1696 amice
583 1631 657 1694 vale.

68 1727 216 1812 Spectans
229 1726 289 1787 oris
302 1746 393 1807 opem
404 1725 512 1788 melius
525 1745 614 1805 quarn
627 1726 740 1809 syderis
752 1739 876 1808 optans,

109 1820 224 1885 Currat
234 1832 267 1881 ut
277 1819 415 1895 allectus,
430 1832 486 1892 stet
497 1820 554 1880 tibi
565 1819 655 1902 longa
667 1819 760 1894 salus,

67 1913 169 1978 Sacris
182 1913 336 1974 Theodori
349 1914 450 1995 primo
465 1912 543 1973 Lare
556 1914 663 1996 sydera
675 1911 805 1992 plaudo,

108 2008 209 2070 Felici
220 2007 336 2091 egregio
352 2027 442 2086 quem
454 2006 536 2090 dedit
550 2006 632 2066 orbis
645 2005 753 2066 honor.

67 2102 183 2164 Albino
194 2101 322 2176 eximio,
339 2098 456 2174 Heliae,
472 2092 613 2186 claroque
625 2097 757 2173 Jovino,
839 2119 843 2128 ·

110 2195 173 2256 Pro
186 2193 353 2255 Fortunato
367 2194 458 2254 redde
472 2183 572 2254 salotis
582 2212 667 2274 opus.

69 2288 128 2352 llae
140 2289 197 2349 tibi
211 2285 477 2367 Elisiiumodulatus
490 2285 627 2366 simplice
641 2296 745 2358 cantu,

109 2381 173 2446 Sed
183 2392 266 2444 tonat
276 2380 437 2464 archetypo
449 2379 585 2476 perlitos
597 2379 667 2442 inde
677 2377 784 2460 sopho.
