2230 3838
155 311 212 385 142
418 324 452 380 V.
468 325 503 377 H.
520 321 767 376 Fou'rub'nrl

151 414 186 478 Si
199 415 265 496 quis
277 415 380 495 iniqua
391 413 498 498 gemit,
511 413 602 474 tristis
614 411 684 473 binc
697 431 790 474 nemo
803 415 936 493 recedit,

191 506 254 570 Sed
265 509 411 594 lacrymas
421 528 580 570 removens
592 505 743 568 laetificare
757 505 839 569 facis.

150 603 302 666 Martinus
313 602 430 664 meritis
441 603 497 664 bac
508 622 562 664 vos
575 600 691 662 insede
704 600 830 677 locavit,

191 697 309 780 Dignus
323 716 388 758 eras
399 696 510 772 baares,
524 694 576 775 qui
588 713 641 754 sua
652 696 731 777 jussa
744 693 828 757 colis.

149 789 206 853 llle
219 804 300 852 tenet
310 790 419 853 coelum
434 789 515 872 largo
530 790 603 849 daus
613 787 716 848 omnia
727 800 814 863 voto,

191 883 215 944 J
217 897 320 947 unctus
333 883 392 944 eris
406 881 529 944 Christo
541 882 622 943 bunc
634 881 781 941 imitando
793 881 901 943 virum.

149 975 224 1038 Non
237 977 317 1058 perit
329 976 379 1037 bic
390 987 521 1037 vestrum
535 974 586 1053 qui
598 993 668 1058 grex
680 974 718 1034 ad
730 973 809 1034 ovile
824 973 972 1050 recurrit,

193 1067 331 1132 Candida
342 1089 398 1131 nec
409 1067 504 1148 spinis
516 1067 629 1128 vellera
641 1066 740 1147 perdit
754 1066 828 1126 ovis.

151 1162 228 1226 Nou
241 1162 329 1243 lupus
343 1182 396 1222 ore
408 1161 488 1242 rapit
502 1161 636 1242 praedam
649 1171 768 1243 pastore
780 1159 916 1243 vigente,

193 1253 254 1317 Sed
266 1255 339 1338 fugit
352 1254 485 1317 exclusus
498 1274 561 1314 nou
575 1253 736 1315 lacerando
746 1273 858 1336 greges.

150 1348 228 1412 llaec
240 1350 296 1410 tibi
310 1349 359 1409 lux
372 1360 491 1410 maneat
503 1347 628 1429 longos,
640 1347 829 1424 venerande,
844 1365 899 1429 per
911 1364 1035 1424 annos,

190 1442 290 1522 Atque
304 1441 402 1502 lutura
415 1441 479 1502 dies
492 1439 640 1502 lucidiora
653 1439 737 1502 serat.

170 1579 213 1632 ll.
230 1577 286 1630 Au
309 1575 497 1629 FELICEM
520 1574 770 1627 EPISGOPUM
792 1563 1036 1628 Ecetssrffi‘

484 1663 702 1704 nausearen-

153 1740 195 1825 St
207 1761 326 1825 veniant
338 1759 446 1843 linguae
459 1759 572 1841 pariter
586 1757 695 1820 Graeca
708 1770 796 1838 atque
809 1756 937 1833 Latina,

192 1854 256 1916 Pro
269 1854 386 1916 meritis
398 1865 550 1932 nequeunt
562 1850 681 1912 solvere
696 1863 801 1914 cuncta
814 1852 881 1913 tuis.

151 1950 305 2012 Laudibus
318 1949 472 2023 obsessus,
483 1946 561 2008 votis
573 1945 760 2006 venerandus
770 1943 909 2021 haberis,

193 2043 282 2106 Felix
294 2043 346 2123 qui
359 2062 461 2104 sensus
473 2040 540 2122 luce
553 2038 696 2122 perennis
710 2035 780 2099 eris.

152 2175 205 2227 111.
221 2174 274 2225 nl)
291 2169 469 2226 EUNDEM
485 2166 688 2232 FELICEM,
700 2165 752 2218 Ex
770 2164 850 2218 SUO
866 2165 1051 2221 NOMINE

155 2275 247 2358 Fusa
259 2294 336 2356 salus
347 2291 469 2375 patriae,
483 2288 572 2352 Felix
582 2310 653 2373 spe,
667 2287 810 2365 nomine,
825 2290 933 2366 corde,

197 2389 287 2450 Ordo
300 2387 488 2450 sacerdotum
501 2403 561 2464 quo
575 2384 709 2445 radiante
722 2382 824 2446 micat.

154 2482 299 2546 Restituis
311 2479 417 2556 terris,
431 2479 513 2559 quod
526 2477 647 2560 publica
658 2479 725 2560 jura
735 2476 896 2558 petebant,

197 2572 402 2656 Temporibus
415 2570 524 2634 uostris
534 2570 642 2654 gaudia
653 2570 752 2654 prisea
765 2570 874 2632 terens.

152 2669 224 2732 Vox
235 2686 415 2749 procerum,
429 2665 532 2727 lumen
543 2667 678 2749 generis,
692 2664 827 2727 delensio
840 2663 958 2746 plebis,

198 2759 397 2842 Naufragium
409 2757 552 2841 prohibes
564 2758 630 2835 bie,
645 2758 698 2820 ubi
709 2771 813 2840 portus
827 2758 905 2818 ades.

156 2856 272 2918 Auctor
285 2851 483 2935 apostolicus,
499 2853 550 2930 qui
561 2853 628 2934 jura
639 2851 816 2914 Britannica
829 2850 973 2924 vincens,

199 2947 296 3008 Tutus
307 2946 339 3005 iu
352 2945 482 3007 adversis
494 2965 548 3025 spe
561 2945 658 3007 crucis
670 2964 755 3005 arma
766 2944 857 3028 lugan

158 3041 237 3105 Vive
250 3042 339 3103 decus
352 3039 473 3123 patriae,
488 3037 559 3099 fidei
572 3038 639 3114 lux,
652 3050 757 3100 auctor
769 3034 910 3110 honoris,

202 3133 353 3216 Splendor
366 3132 560 3218 pontificum,
574 3145 677 3194 noster
689 3143 718 3193 et
729 3130 813 3193 orbis
825 3149 922 3192 amor.
