2222 3852
274 341 514 398 POEMATUM
538 343 663 398 ttBEn
684 345 716 398 V.
874 340 934 402 215

83 443 171 526 Quae
180 441 261 505 lavet
273 461 327 504 ora
340 461 450 518 manu,
464 443 512 504 vel
525 454 613 524 capot
627 455 714 506 ornet
726 462 798 520 acu,

33 538 143 602 Nulla
154 535 256 619 puella
269 537 363 599 choro
379 557 476 616 neque
490 535 672 599 collectanea
684 536 784 614 luda't,

84 631 154 694 Hic
165 651 234 693 mea
247 630 422 704 blandities,
436 630 486 691 ltic
497 642 566 691 mea
579 651 649 691 cora
661 631 750 712 jaces.

37 728 75 791 si
87 747 144 787 me
157 745 223 786 non
234 724 322 786 aliter
331 723 381 786 vel
393 725 473 785 nuda
485 724 643 806 sepulchra
655 738 809 803 tenerent,

81 819 203 880 Vivere
216 838 281 878 non
293 817 364 880 licet
375 815 443 892 bic,
457 815 507 879 bic
519 817 595 878 mibi
603 817 690 880 dulce
699 821 789 882 mori.

38 914 76 977 N
76 934 121 975 on
132 913 220 974 lruor
232 910 389 991 amplexu,
400 930 498 990 neque
509 911 575 973 visu
586 911 677 993 plena
689 917 816 992 recedo,

79 1007 166 1089 Quae
178 1026 229 1066 me
241 1003 382 1078 dimittis,
398 1004 473 1064 dura
485 1002 615 1080 Tolcte,
629 1005 705 1068 vale.

40 1103 98 1164 Sic
110 1098 230 1163 accensi
242 1097 336 1158 animi
347 1096 548 1178 lacrymarum
559 1095 684 1159 llomina
697 1118 858 1184 rumpunt,

90 1194 183 1254 Fixus
198 1205 227 1253 et
240 1191 365 1274 irriguas
376 1191 504 1273 parturit
518 1191 594 1274 ignis
604 1211 703 1272 aquas.

41 1289 133 1352 Hinc
145 1288 206 1349 iter
218 1285 366 1367 arripiunt
377 1285 527 1368 genetrix,
541 1297 627 1360 nata,
639 1287 757 1370 agmina
769 1288 912 1372 llentom,

87 1382 120 1444 N
123 1402 159 1445 ec
172 1381 255 1464 piget
269 1379 420 1458 obsequiis
432 1391 529 1440 mater
540 1379 646 1442 anhela
659 1382 753 1461 sequi.

40 1475 182 1541 Deducit
195 1473 314 1536 dulcem
324 1493 381 1555 per
393 1492 477 1534 arma
490 1473 596 1536 viatica
608 1487 726 1550 natam,

88 1568 262 1651 implentur
273 1567 364 1630 valles
376 1565 512 1643 fletibus,
526 1567 585 1629 alta
595 1581 736 1632 tremunt.

50 1663 212 1746 Frangitur
229 1673 260 1723 et
278 1662 386 1723 densos
405 1661 503 1724 vacuis
520 1661 680 1724 ululatibus
696 1684 764 1742 aer,

87 1757 161 1840 Ipsa
174 1776 350 1838 repercusso
362 1775 517 1818 murmure
531 1756 612 1840 sylva
622 1759 725 1841 gemit.

44 1853 112 1915 Dat
125 1871 229 1915 causas
241 1850 329 1932 spatii
342 1850 474 1933 genetrix
487 1861 520 1910 ut
532 1849 648 1934 longius
658 1852 732 1928 iret,

91 1943 154 2008 Sed
171 1944 229 2005 fuit
245 1945 362 2026 optanti
381 1956 500 2025 tempus
517 1944 633 2024 iterque
652 1947 752 2011 breve.

48 2037 195 2101 Pervenit
206 2055 267 2119 quo
281 2048 378 2099 mater
392 2037 433 2097 ait
446 2056 509 2098 sese
521 2036 591 2098 inde
603 2042 729 2116 reverti,

89 2131 153 2194 Sed
171 2131 254 2213 qood
271 2129 350 2193 velle
370 2130 469 2212 prius,
490 2142 594 2211 postea
613 2133 696 2195 nolle
714 2135 779 2197 luit.

50 2227 166 2288 Rursus
179 2225 263 2285 adire
276 2223 374 2306 cupit,
388 2224 436 2284 via
449 2242 507 2304 qua
518 2223 577 2286 lert
591 2225 671 2288 invia
682 2240 827 2307 matrem,

92 2319 200 2402 Quam
212 2338 353 2401 proceres
366 2318 513 2393 retinent,
527 2339 568 2380 ne
578 2332 730 2383 teneretur
742 2324 809 2384 iter.

49 2414 222 2478 Haerebant
234 2413 307 2474 inse
321 2411 466 2494 amplexae
475 2412 647 2494 pariterque
660 2414 794 2477 reflexae:

90 2507 209 2589 Incipit
221 2506 270 2569 hic
282 2508 427 2590 gemitum
439 2505 601 2570 Goisuiota
613 2508 727 2570 dolens.

50 2600 183 2665 Civibus
196 2600 297 2682 ampla
306 2601 380 2677 tois,
395 2612 515 2684 angusta
529 2599 679 2682 Hispania
691 2604 796 2681 matri,

91 2693 136 2756 Et
149 2694 232 2777 regio
245 2695 301 2756 soli
315 2706 376 2754 tam
388 2695 448 2756 cito
462 2693 560 2756 clausa
572 2695 667 2756 mibi:

49 2788 135 2870 Qoae
146 2785 217 2849 licet
230 2806 247 2847 a
259 2787 391 2873 zephyro
405 2788 536 2850 calidum
548 2788 700 2870 percurris
714 2789 746 2850 iu
759 2811 883 2872 eurum,

90 2880 137 2942 Et
148 2881 187 2940 de
198 2878 358 2964 Tyrrheno
372 2881 470 2943 tendis
482 2883 519 2942 ad
532 2901 700 2956 occanum3

50 2973 217 3036 Sufficiens
227 2973 349 3055 populis
360 2974 495 3055 quamvis
509 2975 681 3057 regionibus
693 2977 829 3059 amplis,

95 3065 174 3148 Quo
187 3080 231 3128 est
242 3087 310 3128 mea
323 3081 391 3129 nata
403 3069 528 3144 absens,
540 3083 621 3130 terra
632 3071 708 3132 mibi
719 3071 818 3133 brevis
831 3092 871 3133 cs.
984 3069 987 3076 ’

49 3162 124 3224 Nec
137 3160 239 3222 minus
252 3160 303 3224 bic
311 3161 377 3224 sine
388 3174 418 3223 te
432 3181 534 3225 errans
548 3176 577 3226 et
590 3165 747 3250 peregrina
759 3164 901 3244 videbor,
