2222 3844
201 339 259 393 nn
280 341 374 395 Vtra
400 339 429 392 s.
450 339 631 395 MARTINI
653 338 779 396 unns
800 342 852 397 tv.
933 329 970 394 81

85 435 180 497 Exilit
192 435 265 496 inde
278 434 374 508 salos,
386 431 495 516 digitos
508 433 592 516 prius
603 433 733 518 unguine
743 434 919 518 complens,

83 529 209 591 Transit
222 530 254 589 in
268 544 411 590 arcanum
425 527 532 590 fiducia
545 539 625 588 tanta
638 527 782 592 medelae:

81 620 233 685 Protinus
245 623 349 705 irrigui
362 622 490 687 siccatur
501 623 586 705 origo
600 621 721 699 fluenti,

81 715 192 778 Prona
204 717 296 778 etiam
310 715 428 797 patulos
441 716 593 779 damnarit
605 716 702 778 fistula
713 737 831 794 cursus,

80 807 123 872 Et
134 812 275 873 restricta
287 809 382 872 lluens
393 811 471 872 redit
483 810 595 872 insonti
608 812 688 872 unda
699 811 831 886 cruoris,

78 905 208 966 Assidui
221 903 315 966 lluxtrs
327 905 443 989 fugiens
455 925 526 968 cava
538 925 614 966 vena
625 919 749 968 meatus.

77 997 179 1061 Veste
192 1019 278 1061 sacra
291 999 402 1062 medici
415 999 581 1061 solidantur
591 999 706 1083 glutine
720 999 797 1075 riri,

79 1093 123 1154 Et
137 1095 250 1158 virtute
260 1093 319 1157 riri
331 1106 488 1154 senserunt
501 1094 586 1156 frena
599 1094 749 1174 liquores,

79 1185 311 1267 incolumisque
325 1187 405 1249 redit
417 1189 454 1249 de
468 1187 547 1249 furto
564 1188 677 1250 femina
692 1188 780 1262 lelix,

78 1280 185 1363 Atque
195 1281 298 1342 salutis
309 1301 401 1363 opem
415 1283 535 1345 medico
549 1282 705 1365 ignorante
720 1279 888 1362 resumpsit.

82 1372 116 1436 Ο
132 1374 271 1436 Martine
285 1395 369 1438 sacer
381 1376 494 1451 nescis,
510 1389 539 1438 et
552 1397 679 1438 munera
690 1376 794 1436 donas.

80 1463 161 1531 lnde
174 1470 284 1552 procul
295 1491 429 1553 gressum
442 1470 575 1533 celerans
589 1471 709 1531 antistes
721 1468 837 1544 abibat,

83 1562 208 1626 Obvius
222 1585 291 1626 ecce
304 1565 386 1625 venit
399 1585 521 1646 serpens
532 1566 671 1625 adnando
684 1584 739 1647 per
751 1583 890 1640 amnem,

82 1656 225 1721 Pectoris
238 1659 370 1740 impulsu
381 1658 497 1721 sulcans
510 1679 582 1742 vaga
593 1660 706 1743 remige
719 1659 828 1732 cauda,

83 1750 239 1834 Squamea
249 1766 330 1837 terga
344 1753 484 1829 movens,
499 1755 588 1835 spiris
600 1775 672 1838 vaga
686 1754 794 1816 caerula
806 1752 930 1814 findens.

85 1846 190 1924 Quem
204 1869 286 1909 sacer
297 1849 461 1929 inspiciens
474 1848 515 1908 ait
526 1848 591 1910 haec
604 1872 611 1906 t
624 1849 656 1907 in
669 1848 795 1909 nomine
809 1845 923 1910 Christi

84 1939 211 2024 lmpero
224 1942 289 2002 dira
301 1943 373 2018 tibi,
387 1954 457 2023 pete
470 1964 590 2004 cursum
602 1942 697 2002 bestia
710 1955 801 2003 retro.

86 2034 164 2115 Quae
177 2037 287 2118 procul
300 2038 330 2098 in
346 2037 470 2099 lluvium
483 2037 652 2098 sinuamina
663 2036 744 2096 lenta
756 2034 883 2110 relleuit,

81 2129 184 2212 Atque
199 2133 319 2192 retorsit
333 2132 390 2193 iter
403 2153 474 2192 mox
486 2133 602 2194 sarcina
614 2144 695 2191 tanta
708 2131 834 2193 veneni:
907 2143 909 2147 “

82 2222 159 2285 Inde
174 2225 250 2306 petit
262 2226 379 2286 bibulas
392 2227 466 2307 ripae
479 2227 632 2287 interioris
644 2226 791 2299 habenas,

83 2318 213 2403 Gurgite
226 2319 308 2400 lapsa
321 2335 442 2397 natans,
455 2334 591 2400 totasque
606 2319 758 2402 renavigat
772 2319 882 2392 undas,

86 2409 254 2492 Obsequiis
265 2413 429 2491 famulans,
443 2427 472 2476 et
484 2415 589 2497 vipera
602 2412 735 2497 perdidit
748 2413 827 2488 iras,

83 2507 227 2590 Imperiis
237 2509 305 2590 justi
316 2530 373 2572 nee
386 2509 488 2589 iniqua
502 2529 618 2571 venena
629 2518 805 2591 repugnant.

83 2599 180 2663 Forte
195 2603 257 2663 dies
268 2604 392 2666 aderant
402 2603 554 2686 paschalia
567 2602 640 2664 festa
652 2614 805 2686 gerentes,

80 2693 118 2756 ln
132 2696 243 2776 quibus
253 2699 374 2759 antistes
387 2711 504 2779 partem
516 2717 636 2778 quoque
650 2695 742 2778 piscis
753 2691 860 2758 edebat
871 2747 879 2769 ,

81 2788 283 2870 Addebatque
297 2792 472 2853 honustum
486 2791 598 2855 fercula
609 2789 718 2872 reptile
730 2802 824 2873 gustu.

83 2883 237 2948 Sollicitat
250 2887 414 2949 monachos
426 2887 452 2949 si
466 2887 556 2969 copia
568 2886 658 2967 piscis
671 2887 805 2946 adesset:

82 2978 258 3062 Respondit
269 2981 316 3042 eui
328 3002 399 3044 cura
411 2981 490 3043 foret
500 2981 676 3053 commissa,
689 2978 845 3053 minister,

83 3071 124 3135 Se
137 3086 204 3135 toto
218 3075 353 3156 piscante
366 3076 415 3137 die
429 3089 551 3157 captura
562 3095 701 3159 negasse,

83 3167 141 3230 Nil
154 3168 282 3233 valuisse
293 3170 436 3249 hamum,
448 3170 518 3232 setis
529 3169 568 3230 ab
582 3167 867 3250 arundinejactum,
