2222 3844
153 261 192 303 20
408 255 440 308 V.
467 256 501 308 H.
527 254 775 308 FORTUNATI

151 347 388 429 Innumerasque
399 348 477 411 acies
489 347 570 410 solus
582 349 646 411 sine
657 349 798 433 sauguine
809 321 890 416 iicit.

151 498 213 552 our
234 499 431 552 sunnonem
452 497 502 551 ln
520 459 799 553 ninnu'cmusrr
819 499 1039 554 couvsnrru.

151 615 247 699 Hmu
261 637 327 700 loca
339 638 490 698 latronum
503 638 662 713 incedens,
678 649 757 696 ratus
769 637 814 697 ire
828 657 885 718 per
897 636 1015 717 Alpes,

150 733 271 796 Vinctis
281 745 349 814 post
361 746 478 815 tergum
491 731 649 806 manibus,
667 731 809 792 deductus
822 731 952 806 abnuo,

149 827 306 909 Tempore
317 827 371 888 sub
384 827 490 887 mortis
502 826 595 887 hostis
608 825 790 906 compendia
802 836 949 902 tractans,

151 919 258 983 Credit
270 920 346 982 latro
359 919 484 998 Deum,
505 923 577 981 dum
591 920 734 1001 praedicat
745 919 816 993 iste,
829 908 1008 981 colendum:

149 1013 192 1075 Et
204 1016 274 1075 dare
287 1016 339 1095 qui
350 1015 445 1076 voluit
457 1029 607 1089 mortem,
623 1013 704 1095 capit
713 1034 766 1076 ore
777 1013 913 1076 salutem.

149 1108 280 1172 Ducitur
293 1107 345 1169 ille
357 1108 442 1169 ferox
453 1129 470 1168 a
483 1107 629 1192 religione
642 1108 767 1192 ligatus,

148 1203 250 1283 Atque
262 1224 331 1263 suus
344 1204 447 1283 praedo
462 1201 588 1263 Martini
603 1203 703 1283 praeda
716 1203 749 1262 fit
762 1202 851 1263 ultro.

152 1295 256 1377 Quam
270 1297 367 1358 bonus
378 1297 430 1358 ille
443 1295 508 1358 isti!
522 1298 574 1358 sed
587 1297 654 1378 plus
667 1297 734 1377 pius
747 1296 797 1358 hic
809 1297 865 1358 fuit
878 1296 940 1358 illi:

151 1389 316 1452 Servantur
327 1391 435 1462 simul;
449 1390 571 1470 illefide
582 1434 591 1467 ,
603 1391 653 1451 hic
664 1410 794 1470 corpore
807 1391 927 1452 viveusz

150 1483 254 1568 Ambo
267 1485 384 1561 valent,
403 1485 476 1544 dum
487 1503 579 1545 nemo
594 1484 672 1546 cadit
682 1527 692 1560 ‚
704 1484 748 1546 sic
760 1485 832 1547 vicit
844 1498 982 1566 uterque.

261 1631 336 1684 UBI
360 1630 592 1684 DAEMONEM
615 1631 639 1680 A
668 1630 714 1682 SE
735 1631 928 1684 REPULIT.

151 1747 246 1830 Hmc
259 1770 327 1832 loca
339 1767 513 1849 praeteriens
525 1768 730 1850 pulcherrima
744 1765 931 1846 Mediolani,

148 1864 261 1926 Florea
270 1883 339 1925 rura
351 1876 450 1924 terens
462 1884 518 1944 per
530 1885 650 1926 amoena
659 1864 753 1926 vireta
763 1864 879 1941 viator,

150 1956 270 2020 Obvius
285 1958 416 2019 occurrit
428 1970 509 2018 vetus
523 1970 552 2018 et
565 1957 741 2020 temerarius
749 1957 860 2032 hostis,

148 2051 298 2113 Mentitus
309 2051 444 2132 speciem
453 2051 591 2113 humanae
606 2053 660 2114 sub
673 2051 803 2133 imagine
818 2051 941 2126 formae,

148 2144 341 2224 Falsiloquax
354 2159 498 2226 pereunte
510 2147 589 2224 fide,
611 2145 807 2207 maledoctus
821 2145 852 2205 in
866 2158 951 2220 arte,

149 2239 245 2321 Quod
256 2253 410 2321 peteretur
421 2241 500 2316 iter,
519 2242 640 2320 quaerit:
656 2238 715 2302 Cui
727 2240 864 2302 corninus
878 2239 932 2300 ille

149 2333 222 2396 Huc
232 2353 399 2415 properare
411 2333 503 2394 refert
515 2354 616 2414 quase
629 2334 716 2394 Deus
727 2334 771 2393 ire
784 2345 905 2394 vocaret
917 2355 926 2391 :

149 2425 210 2490 Cui
224 2427 303 2487 serus
315 2427 408 2486 hostis
421 2427 462 2486 ait
476 2453 483 2487 :
499 2449 675 2508 quacunque
689 2429 830 2490 accedere
845 2428 950 2488 tendes

148 2519 266 2584 Tecum
280 2540 374 2602 pergo
388 2541 520 2595 nocens,
535 2535 604 2583 vota
615 2522 647 2582 in
659 2521 808 2584 contraria
821 2542 961 2583 currens:

147 2612 236 2694 Voce
248 2612 420 2693 prophetali
436 2627 553 2676 sanctus
568 2617 616 2677 cui
632 2617 770 2697 protinus
785 2616 867 2688 infin

147 2705 204 2768 Est
217 2726 303 2766 meus
314 2707 431 2787 adjutor
442 2708 598 2785 dominus,
609 2710 689 2770 mala
700 2709 783 2770 nulla
795 2709 943 2786 verebor,

147 2800 334 2862 Netimeam
343 2800 497 2877 timidum,
506 2802 600 2862 timor
608 2815 661 2863 est.
671 2802 846 2864 Deusarma
854 2804 1034 2879 timentum

148 2892 244 2954 Tutus
257 2894 289 2953 in
301 2895 431 2956 adversis
439 2896 560 2978 gradior
573 2909 690 2957 rectore
701 2915 832 2976 superno
848 2920 855 2957 ι

149 2987 270 3048 Insidiis
284 2989 332 3049 via
345 2988 427 3048 nulla
440 3001 521 3070 patet
534 2989 589 3048 sub
603 2988 733 3072 tegmine
747 2989 826 3052 divo.

151 3079 229 3146 Haec
242 3080 301 3156 ait;
317 3093 347 3144 et
360 3081 450 3147 validi
463 3080 616 3144 transfixus
627 3081 749 3165 cuspide
764 3084 849 3148 verbi
