2230 3838
146 347 202 410 172
393 339 428 393 u.
461 341 496 395 u.
526 341 777 398 socruum

144 429 274 490 Partitus
289 449 360 492 eum
373 443 477 492 ventre
492 431 572 520 pices
585 431 697 515 pietate
712 435 873 518 magistra,

184 519 278 584 Unde
292 523 359 584 tulit
371 524 483 603 luctus,
498 547 568 587 mox
582 527 625 587 ibi
640 541 709 589 vota
723 530 813 590 dedit.

143 616 331 700 Pauperibus
342 619 426 680 dives
438 641 560 683 censum
574 623 733 684 transfudit
747 625 863 708 egenis,

184 712 265 775 Ante
276 713 374 774 bonus
385 715 509 791 tribuit,
526 736 615 795 quam
627 729 800 799 peteretur,
817 741 923 803 opem.

145 805 269 870 Semina
280 810 399 891 jactavit
412 822 540 872 centeno
552 811 675 895 pinguia
686 811 802 889 fructu,

187 900 247 965 Cui
261 904 354 963 modo
365 904 402 964 de
416 905 515 965 reditu
528 905 633 966 messis
645 903 746 966 adulta
756 905 866 987 placet.

144 995 248 1059 Unica
260 1018 331 1061 cura
344 997 399 1058 luit
411 1010 534 1060 cunctos
548 1011 580 1059 ut
592 999 700 1061 viseret
711 1021 823 1084 aegros,

186 1091 256 1174 lpse
270 1092 376 1172 quibus
389 1092 525 1156 medicus
537 1093 608 1154 vixit
621 1107 651 1155 et
664 1093 731 1176 ipse
741 1093 835 1156 cibus.

143 1183 257 1247 Extulit
272 1185 404 1248 ecclesiae
415 1186 555 1265 culmen,
570 1189 652 1268 quod
665 1188 797 1250 reddidit
810 1208 927 1268 unum,

184 1279 281 1341 Venit
294 1281 330 1340 ad
343 1280 512 1358 haeredem,
525 1282 577 1362 qui
588 1282 754 1345 cumularet
767 1304 853 1366 opus.

145 1371 234 1436 Felix
246 1375 298 1437 ille
311 1375 401 1452 abiit,
416 1374 553 1438 Felicem
566 1377 599 1437 in
611 1378 683 1438 sede
692 1376 834 1459 reliquit,

186 1468 328 1532 Haeredis
341 1471 458 1532 meritis
469 1471 542 1534 vivit
555 1471 588 1532 in
602 1472 677 1533 orbe
691 1485 788 1555 pater.

205 1599 982 1662 11.EP1TAPH1UMGREGOR11EPlscoP1

379 1691 563 1734 crrrrurrs
584 1691 795 1732 nruoourcm.

142 1781 325 1872 Posrouuu
338 1799 473 1885 syderius
485 1801 612 1884 disrupit
624 1813 736 1863 tartara
747 1801 914 1884 princeps,

185 1893 249 1958 Sub
262 1895 388 1977 pedibus
398 1895 468 1978 justi
481 1917 566 1958 mors
579 1895 704 1958 inimica
716 1898 807 1978 jaces.

144 1990 218 2054 Hoc
229 1991 400 2052 veneranda
411 1990 488 2053 sacri
501 2003 628 2052 testatur
637 1991 700 2054 vita
712 1989 847 2074 Gregori
854 2034 864 2067 ,

184 2084 249 2167 Qui
263 2087 355 2146 modo
368 2097 436 2167 post
449 2085 581 2147 tumulos
595 2086 686 2146 intrat
697 2086 815 2146 honore
828 2084 930 2168 polos.

141 2178 267 2248 Nobilis
279 2180 400 2259 antiqua
413 2180 574 2242 decurrens
587 2179 675 2261 prole
686 2191 866 2262 parentum,

182 2273 331 2336 Nobilior
343 2273 432 2358 gestis
443 2294 525 2336 nunc
538 2293 629 2356 super
641 2287 720 2336 astra
736 2285 848 2335 manet.

141 2367 267 2430 Arbiter
277 2381 345 2430 ante
358 2368 457 2445 lerox,
471 2367 577 2432 exhinc
588 2368 660 2450 pius
671 2369 736 2450 ipse
749 2369 911 2445 sacerdos,

184 2462 273 2541 Quos
286 2463 403 2523 domuit
413 2463 519 2545 judex,
534 2461 609 2524 fovit
622 2483 731 2523 amore
743 2462 849 2543 patris.

141 2555 279 2641 Triginta
291 2571 320 2618 et
331 2557 468 2640 geminos
481 2556 532 2638 pie
547 2556 622 2618 rexit
636 2556 716 2621 ovile
726 2576 784 2637 per
797 2575 912 2633 annos,

182 2650 225 2711 Et
235 2671 323 2735 grege
337 2653 375 2711 de
388 2648 504 2712 Christi
516 2651 623 2734 gaudia
635 2663 739 2732 pastor
750 2650 850 2711 habet.

144 2741 178 2806 si
192 2766 304 2825 quaeras
317 2745 478 2820 meritum,
491 2747 624 2828 produnt
637 2743 782 2807 miracula
796 2765 919 2822 rerum,

184 2838 246 2903 Per
256 2861 347 2922 quem
361 2839 512 2902 debilibus
525 2841 621 2902 fertur
632 2839 729 2901 amica
745 2839 833 2900 salus.

208 2974 551 3028 nummulum
573 2972 731 3027 TETlllCl
754 2971 964 3026 Ertscol’t

381 3065 584 3106 xmuonrcm
602 3063 795 3104 crvrrarrs

146 3145 266 3235 Prius
277 3175 436 3240 sacerdotii
448 3175 621 3240 venerando
635 3171 757 3236 Tetriee
770 3168 870 3250 cultu,
