2230 3838
174 208 233 284 ut
429 231 461 284 v.
483 230 518 283 n.
545 231 798 286 ronruunrt

339 321 475 386 Christus
487 346 594 387 sereno
606 325 722 388 lumine

297 416 505 483 Circumvolet
517 442 609 501 quem
622 419 753 482 reddidit
765 443 773 481 ε

294 514 341 575 Ut
357 515 434 575 trina
448 529 559 578 crescat
572 515 683 598 gratia,

294 607 547 685 Mercedepvita,
561 609 667 693 gloria,

336 702 498 787 Hymnum
510 707 645 768 canendo
659 715 845 787 concrepet„

294 798 441 881 Quisquis
452 799 522 860 Deo
536 820 599 860 non
612 799 742 861 invidet:

293 894 373 956 Laus
387 897 449 976 ejus
462 906 505 955 est
519 894 570 973 qui
584 894 749 976 praesulem

291 989 343 1051 De
354 988 461 1048 mortis
474 1008 532 1048 ore
541 987 675 1050 retrahit.

333 1083 456 1143 Zelante
469 1082 530 1142 lido
543 1095 689 1162 pectore,

291 1177 372 1240 Tam
384 1197 454 1238 vera
467 1175 527 1237 dici
539 1195 604 1236 non
617 1177 735 1258 pudet:

292 1271 370 1335 llaec
381 1291 473 1353 parva
485 1269 681 1336 nobilissimo.

292 1367 384 1452 Papae
397 1369 501 1427 damus
514 1363 657 1427 Leontio.

177 1519 278 1574 xvu.
298 1520 353 1571 AD
380 1517 618 1586 Punclltuttt,
640 1515 814 1571 MATREM
837 1515 1043 1570 Esttsnunt

165 1634 325 1718 Mutunus
337 1673 429 1734 parva
440 1653 532 1716 nimis
541 1699 550 1732 ,
560 1655 612 1737 piu
618 1653 735 1736 suscipe
743 1673 842 1734 quaeso
856 1652 1016 1729 libenter*

208 1747 287 1828 Quae
298 1749 393 1831 magis
406 1748 471 1830 ipsa
484 1750 594 1813 decens
605 1771 714 1812 munus
727 1750 758 1809 in
773 1749 848 1810 orbe
860 1748 966 1810 micas.

163 1841 323 1906 Fluctibus
337 1864 353 1904 e
366 1844 476 1904 mediis
488 1845 553 1908 haec
565 1858 597 1906 ut
609 1846 694 1906 daret
706 1843 803 1905 insula
816 1843 920 1918 vobis,

207 1935 350 2001 Oceanus
362 1939 490 2002 tumidas
503 1960 659 2001 murmure
673 1951 792 2021 praestat
805 1957 907 2017 aquas.

164 2033 245 2116 Quae
258 2035 327 2098 loca
337 2036 409 2097 dum
422 2035 505 2098 volni
518 2055 686 2117 properans
698 2054 858 2119 agnoscere
871 2031 981 2114 ponti,

204 2128 233 2190 A
246 2127 350 2192 Borea
362 2131 486 2193 veniens
500 2130 634 2212 reppulit
647 2131 729 2192 undo
738 2129 849 2190 furens.

162 2221 352 2307 Prosperitas
365 2239 397 2287 ut
410 2238 505 2288 vestra
515 2238 617 2287 tamen
631 2246 665 2287 se
677 2224 768 2309 plenu
778 2224 944 2305 probaret,

151 2401 154 2406 Ι
205 2317 328 2381 Obtulit
339 2321 371 2382 in
384 2321 473 2383 terris
487 2321 567 2402 quo'd
578 2332 731 2403 peteretur
744 2320 836 2400 aquis.

160 2474 343 2528 xv111.DE
361 2443 699 2543 uts30N0,v1LLn
716 2475 1054 2533 BURDEGALENSI.

162 2585 236 2670 Est·
246 2608 348 2685 locus,
362 2610 491 2673 aestifero
504 2611 639 2692 quamvis
650 2610 688 2672 sit
700 2624 840 2693 ternpore
854 2611 973 2689 servor,

202 2702 276 2783 Quo
291 2705 366 2765 viret
379 2705 497 2766 assiduo
510 2704 586 2767 llore
600 2705 729 2768 resectus
740 2727 817 2789 ager.

159 2796 323 2879 Respirant
336 2799 450 2862 croceis
464 2801 582 2882 depicta
596 2801 749 2863 coloribus
762 2820 854 2876 arva,

200 2891 327 2976 fragrat
340 2895 500 2956 odoriferis
513 2895 654 2957 blandior
667 2895 760 2956 herba
774 2895 878 2957 comis.

157 2985 262 3050 Incola
276 2987 441 3052 Bissonum
454 3005 540 3054 vocat
553 2992 633 3054 hunc
646 2994 683 3052 de
695 2991 821 3052 nomine
835 2989 952 3071 prisco:
1048 3025 1053 3034 ·

198 3081 300 3147 Miltia
311 3100 430 3172 septem
440 3088 511 3150 urbs
522 3088 593 3151 hinc
605 3085 837 3170 Burdegalensis
851 3085 942 3148 obest
