2230 3838
291 346 535 402 Pouttat'unt
556 348 686 403 LIBER
709 349 732 403 1.
910 358 966 422 117

70 454 216 518 Lubricat
229 452 282 515 bic
295 451 443 532 quoniam
453 464 576 514 tenuato
590 453 732 539 AEgicius
742 454 867 534 haustu,

114 548 237 612 Profert
252 547 374 609 divitias
386 567 521 628 paupere
534 548 617 610 fonte
630 563 705 611 tuas.

70 644 214 726 Denique
226 641 409 703 dissimilem
426 643 451 703 si
464 657 621 724 comparet
634 644 712 706 ullus
725 659 904 730 utrumque,
942 631 947 642 ยน

117 737 177 801 llic
190 739 244 805 ubi
258 737 292 796 fit
306 736 402 812 rivus,
417 750 468 814 tu,
485 751 576 819 puto,
589 737 682 800 Nilus
696 743 765 802 eris.

71 831 118 894 Te
129 833 282 893 famulans
294 832 403 907 intrat,
417 833 498 895 bunc
509 835 562 894 sed
573 846 623 894 tua
635 854 727 919 regna
742 837 918 918 refraenant,

111 926 254 990 Gallicus
269 925 441 1007 Euphrates
454 941 486 989 tu
500 927 585 1004 duis,
602 931 656 991 iste
670 929 749 992 latet.

66 1020 155 1082 Nam
168 1034 320 1100 quantum
333 1041 481 1082 oceanum
492 1023 616 1084 tumidis
629 1036 661 1084 tu
675 1026 812 1089 cursibus
823 1047 926 1111 auges,

111 1113 247 1175 Tantum
262 1126 291 1174 te
307 1112 441 1197 lymphis
454 1115 560 1177 excitat
573 1118 629 1177 iste
643 1119 713 1180 suis.

67 1209 205 1271 Torrida
218 1208 387 1291 praesertim
401 1230 471 1271 cum
484 1212 573 1272 terris
585 1212 707 1274 incubat
720 1226 821 1292 aestas,

115 1304 161 1366 Ac
174 1304 296 1364 sitiente
310 1303 376 1364 solo
389 1304 482 1365 tristis
495 1305 615 1366 anhelat
628 1327 708 1390 ager.

69 1397 155 1463 Cum
170 1398 264 1459 Titan
276 1399 368 1458 radiis
379 1399 564 1461 ferventibus
578 1415 676 1462 exarat
689 1419 775 1478 arva,

113 1493 155 1555 Et
166 1494 252 1556 calor
264 1492 393 1577 ignifero
406 1515 530 1557 vomere
544 1496 631 1557 findit
639 1497 787 1574 humum,

70 1589 248 1674 Languidus
261 1601 379 1649 arentes
393 1588 511 1672 fugiens
519 1590 567 1650 vix
578 1591 706 1672 explicat
718 1592 831 1671 undas,

113 1683 239 1746 Etcum
252 1683 334 1764 pisce
348 1703 402 1744 suo
417 1683 544 1766 palpitat
556 1685 622 1766 ipse
636 1685 735 1748 simul.

67 1779 219 1842 Flumine
231 1779 378 1840 subducto
391 1791 528 1841 vacuatas
540 1778 649 1840 lambit
662 1800 787 1858 arenas,

115 1872 249 1936 Sedibus
260 1874 293 1932 in
306 1873 442 1955 propriis
454 1873 520 1934 exul
534 1874 655 1935 oberrat
668 1861 763 1954 aquis.

72 1967 111 2030 ln
123 1970 200 2029 limo
214 1968 363 2051 migrante
376 1966 444 2029 lacu
456 1969 645 2029 consumitur
657 1969 776 2046 amnis,

112 2063 274 2144 Terraque
286 2064 317 2122 lit
327 2061 456 2138 sterilis,
471 2082 532 2142 quo
546 2060 612 2122 lluit
623 2063 704 2123 unda
717 2082 818 2146 rapax.

69 2159 234 2222 Deficiunt
246 2169 312 2219 usto
326 2156 433 2219 solatia
446 2169 553 2220 cuncta
565 2156 683 2242 rigore,

114 2253 256 2314 Nomine
268 2273 337 2314 cum
348 2252 477 2335 proprio
488 2252 581 2313 tristis
591 2264 622 2313 et
635 2272 714 2335 aeger
727 2264 804 2336 eget.

74 2349 170 2412 Forte
184 2349 284 2412 viator
293 2350 349 2409 iter
361 2348 500 2432 gradiens
512 2368 576 2409 non
590 2347 706 2408 invenit
719 2346 860 2408 haustus:

115 2443 212 2506 Unde
226 2443 301 2505 alios
314 2456 431 2506 recreet
443 2443 495 2524 qui
510 2443 571 2504 sitit
583 2443 649 2523 ipse
659 2440 739 2502 sibi?

76 2538 118 2602 Se
131 2541 216 2622 eupit
230 2539 347 2600 infundi
360 2537 485 2614 lluvius,
499 2537 525 2599 si
538 2536 669 2620 porrigis
682 2536 794 2609 undas,

118 2635 153 2696 Si
167 2650 272 2695 tamen
284 2647 328 2695 est
338 2632 449 2696 fluvius
459 2653 551 2713 quem
564 2630 745 2693 madefactat
757 2629 863 2690 homo.

76 2730 216 2814 Gurgitis
229 2730 389 2810 impressas
401 2726 505 2789 labens
519 2739 584 2788 rota
596 2727 691 2810 signat
703 2725 853 2801 babenas,

115 2825 221 2905 Atque
234 2825 407 2884 resudantes
419 2821 518 2883 orbita
531 2821 607 2881 sistit
620 2840 719 2900 aquas.

76 2918 110 2982 Si
122 2919 229 2982 venias
246 2919 407 2997 equitando
419 2916 500 2977 diem
513 2915 568 2976 sub
581 2927 722 2996 tempore
735 2913 856 2990 cancri,

115 3013 178 3076 Vix
191 3026 294 3074 tamen
306 3012 439 3073 insidens
449 3009 559 3096 ungula
572 3009 681 3094 mergit
694 3009 774 3089 equi.

73 3109 221 3178 ,Vidimus
234 3107 371 3190 exiguum
386 3108 423 3168 de
434 3106 510 3166 limo
524 3125 644 3188 surgere
657 3104 791 3186 piscem,

117 3205 185 3287 Qui
200 3203 349 3266 renitente
362 3202 425 3264 luto
438 3200 595 3285 naufragus
605 3211 687 3262 errat
697 3197 805 3258 humo.
