2218 3862
319 399 457 454 uterum
474 398 709 454 structurus.
893 383 954 468 345

119 557 156 610 ll.
183 547 230 610 ΑΒ
246 555 427 610 JUSTINUM
443 554 628 610 JUNIOREM
643 555 906 610 IMPERATOREM

294 647 335 685 ur
357 645 514 686 sormam
537 647 736 687 aucusrara.

8 785 12 802 ’
75 745 215 830 Gtotttt
226 785 343 828 summa
354 765 449 849 patris
463 765 601 844 natique,
612 785 648 828 ac
657 764 780 847 spiritus
792 765 884 844 almi,

115 860 206 922 Unus
218 860 387 922 adorandus
399 859 456 922 hac
468 859 602 920 trinitate
615 857 710 922 Deus.

71 954 235 1038 Maiestas,
248 963 378 1035 persona
391 951 516 1034 triplex,
531 952 696 1014 substantia
708 952 854 1035 simplex,

115 1045 276 1128 AEqualis,
291 1039 435 1124 consors,
446 1059 535 1126 atque
549 1066 649 1108 coaeva
661 1046 730 1108 sibi.

72 1141 179 1205 Virtus
191 1161 250 1204 una
260 1161 385 1204 manens
396 1142 522 1218 eadem,
535 1140 631 1202 tribus
642 1160 701 1202 una
713 1153 863 1222 potestas,

115 1235 194 1316 Quae
206 1233 526 1317 pater,.l1aecget1itus,
539 1234 663 1315 spiritus
676 1234 742 1316 ipsa
754 1248 873 1315 potest,

74 1327 217 1391 Persouis
227 1328 368 1391 distincta
378 1327 519 1408 quidem,
537 1329 696 1410 conjuncta
708 1328 833 1413 vigore,

116 1422 241 1485 Naturae
251 1422 340 1484 unius
347 1442 402 1504 par
415 1441 494 1503 ope,
507 1421 592 1494 luce,
603 1421 723 1482 throno.

77 1516 190 1582 Secum
200 1537 323 1598 semper
334 1529 398 1578 erat
410 1516 528 1580 trinitas
540 1516 605 1576 sine
616 1528 756 1596 tempore
764 1534 908 1598 regnans,

116 1612 239 1675 Nullius
251 1631 319 1674 usus
333 1631 439 1693 egeus,
451 1631 508 1673 uec
520 1610 669 1691 capiendo
684 1628 785 1690 capax.

7 1769 13 1780 ,
78 1706 189 1770 Gloria
200 1725 318 1766 summa
331 1704 387 1766 tibi
400 1723 504 1766 rerum
513 1715 708 1782 sator,atque
719 1703 911 1784 redemptor,

118 1799 184 1880 Qui
196 1801 248 1860 das
259 1797 283 1859 J
285 1799 417 1864 uatiuum
429 1801 521 1881 justus
534 1799 567 1859 in
581 1799 656 1859 orbe
669 1810 768 1880 caput.

76 1894 147 1956 Rite
159 1913 249 1975 super
260 1913 344 1977 reges
355 1893 565 1956 dominantem
578 1892 710 1955 vindicat
721 1911 843 1968 arcem,

118 1985 242 2050 Caelesti
258 1988 321 2070 regi
333 1988 385 2069 qui
403 1987 578 2048 famulando
592 1985 703 2067 placet.

78 2079 301 2168 Quampmerito
313 2079 439 2156 Romae,
454 2079 658 2158 Romanoque
671 2079 801 2159 imperat
814 2079 883 2140 orbi

118 2175 184 2256 Qui
194 2173 344 2254 sequitur,
358 2173 441 2251 quod
449 2172 492 2233 ait
504 2173 613 2255 dogma
627 2171 766 2234 cathedra
777 2170 871 2234 Petri.

15 2333 17 2340 ,
77 2269 172 2350 Quod
181 2266 291 2331 cecinit
301 2264 430 2341 Paulus,
444 2265 557 2347 passim
567 2264 638 2326 tuba
651 2264 786 2327 millibus
797 2283 876 2343 uua,

119 2361 272 2425 Gentibus
279 2372 308 2422 et
317 2359 443 2441 stupidis
454 2359 529 2421 liadit
542 2359 581 2420 ab
594 2379 648 2420 ore
659 2358 763 2421 salem.

80 2455 175 2538 Cujus
187 2457 365 2537 quadratum
374 2453 483 2536 linguae
497 2466 563 2513 rota
577 2453 799 2528 circuituram,

118 2549 302 2631 Eloquiique
315 2548 374 2609 lide
387 2547 494 2631 frigida
507 2548 599 2608 corda
612 2545 719 2608 calent.

78 2643 187 2706 Gloria
198 2662 316 2703 summa
329 2642 384 2703 tibi
397 2662 498 2703 rerum
509 2654 606 2717 sator,
618 2653 707 2722 atque
721 2642 915 2725 redemptor,
1037 2717 1038 2722 γ

118 2737 184 2818 Qui
198 2739 250 2798 das
261 2736 417 2799 Justiuum
430 2739 523 2821 justus
537 2737 570 2797 iu
583 2735 658 2798 orbe
673 2748 772 2818 caput.

6 2833 9 2918 l
75 2831 220 2895 Ecclesiae
233 2830 350 2892 turbata
362 2832 435 2893 fides
447 2831 573 2894 solidata
587 2829 732 2913 refulget,

118 2925 159 2987 Et
170 2925 247 2986 redit
257 2925 295 2986 ad
307 2924 441 3006 priscum
452 2926 498 2986 lex
515 2926 685 2987 veneranda
697 2923 808 2985 locum.

79 3018 209 3082 Reddite
220 3033 289 3082 vota
302 3019 390 3096 Deo,
402 3019 547 3100 quoniam
559 3039 637 3080 nova
651 3037 805 3100 purpura,
818 3018 961 3100 quicquid

6 3105 16 3133 ⁸
122 3112 298 3177 Concilium
311 3115 411 3176 statuit
425 3111 652 3176 Calcedonense
671 3125 761 3174 tenet.

81 3206 153 3276 Hoc
163 3210 279 3275 meritis
292 3221 411 3298 auguste
423 3209 479 3274 tuis
491 3221 520 3271 et
530 3207 618 3296 gallia
630 3219 744 3286 cantat,
813 3207 815 3217 ⁴
