2218 3862
272 373 514 434 nonnarum
533 380 662 438 ursan
682 387 715 440 x.
839 384 845 392 '
880 385 939 474 337

99 463 177 531 llaec
187 487 261 552 rogo
273 470 451 554 suppliciter
461 478 578 560 suscipe
592 481 671 543 dona
683 483 789 546 libens.

52 557 126 622 Nec
137 582 263 643 parvum
274 583 412 646 spernas,
427 589 484 632 nec
497 583 528 632 tu
541 591 610 635 mea
620 589 689 637 vota
702 580 854 660 requiras,

98 655 234 719 Munere.
242 660 273 720 in
281 675 404 746 augusto
418 666 550 727 cernitur
560 669 678 751 amplus
690 691 786 736 amor.

248 815 741 881 xxvt.DE1T1NERESUO.
848 901 851 906 .

51 923 201 1007 Casinus
216 946 381 1010 innumeris
393 950 553 1013 hominum
567 971 721 1036 momenta
735 976 888 1044 rotantur,

94 1039 289 1118 instabilique
301 1043 394 1124 gradu
403 1045 535 1124 pendula
546 1048 606 1108 vita
617 1065 706 1114 meat.

49 1132 122 1215 lpsa
134 1132 299 1193 suturarum
313 1137 442 1197 titubans
455 1159 541 1213 mens
552 1143 638 1202 anxia
650 1166 771 1226 rerum,

91 1226 230 1286 Ventura
242 1227 358 1310 ignorat
371 1232 442 1310 qnid
454 1233 512 1292 sibi
526 1233 573 1293 lux
587 1237 692 1316 pariat.

47 1319 134 1382 Nam
149 1342 197 1381 me
212 1322 373 1404 digressum
387 1326 501 1388 avobis
515 1325 692 1392 Eomundus
706 1347 840 1416 amator,

91 1413 150 1474 Illa
162 1416 290 1496 suscepit
303 1439 361 1496 qua
371 1419 505 1480 bonitate
518 1421 602 1481 solet.

50 1505 137 1569 llinc
149 1507 223 1569 citus
234 1529 391 1571 excurrens
406 1509 539 1574 Cariaeae
553 1515 684 1577 devehor
694 1519 788 1598 aulae,

90 1601 304 1664 Tincillacensi
318 1606 457 1686 perferor
472 1608 541 1668 inde
555 1606 634 1671 loco.

47 1693 132 1757 Hinc
144 1716 227 1756 sacer
238 1697 357 1758 antistes
370 1701 468 1780 rapuit
481 1721 530 1760 me
543 1701 756 1780 Domitianus,

88 1789 139 1849 At
151 1790 244 1851 sancti
260 1790 369 1851 albani
381 1793 486 1876 gaudia
500 1795 575 1856 lesta
588 1797 718 1859 trahens.

46 1881 124 1944 lnrle
136 1883 294 1960 relaxatus,
308 1886 464 1967 perplura
477 1888 610 1968 pericula
623 1889 733 1952 sessum

88 1974 198 2058 Puppe
210 1979 264 2038 sub
278 1979 379 2060 exigna
389 1978 496 2042 flnctus
509 1994 538 2041 et
549 1982 648 2043 imber
658 1986 726 2066 agit.

47 2067 121 2150 Quo
132 2071 228 2153 gravis
239 2072 415 2134 incumbens
428 2074 529 2153 aquilo
543 2076 726 2137 subverterat
741 2099 874 2160 arnnern,

85 2162 128 2223 Et
139 2161 218 2226 male
232 2179 369 2228 curvatos
381 2168 482 2228 extulit
495 2169 575 2230 unda
588 2169 679 2230 sinus.

45 2255 76 2318 N
79 2279 117 2320 ec
130 2279 181 2320 sua
192 2275 362 2321 commotos
377 2261 534 2343 capiebant
546 2262 647 2324 littora
659 2262 779 2344 fluctus,

85 2351 237 2415 Invadunt
247 2365 342 2416 terras
354 2376 476 2437 aequora
488 2357 552 2418 susa
563 2377 666 2421 novas.

45 2442 177 2521 Pascua,
193 2468 281 2524 rura,
295 2469 421 2525 nemus,
435 2463 563 2534 segetes,
578 2451 723 2531 viburna,
738 2454 894 2533 salictum,

87 2538 214 2601 Viribus
225 2541 307 2604 iratis
318 2563 377 2604 una
388 2544 493 2624 rapina
504 2557 593 2607 tenet.

43 2630 134 2694 'l'unc
146 2633 221 2694 mihi
234 2636 396 2697 commisso
409 2657 467 2717 per
477 2638 617 2722 confraga
629 2659 785 2703 murmura
799 2640 906 2721 Ponti,

84 2725 223 2788 Flatibus
234 2728 382 2791 horrificis
394 2729 457 2791 laxa
469 2731 615 2794 fremebat
626 2733 742 2817 hyems.

44 2817 251 2903 Surgebatque
264 2823 372 2883 cadens
385 2845 441 2904 per
454 2845 564 2904 aquosa
576 2827 730 2888 cacumina
742 2832 871 2912 puppis,

83 2914 259 2976 Ascendens
271 2915 397 2997 liquidas
407 2931 512 2980 rnonte
523 2932 645 2981 vacante
658 2921 728 2982 vias.

44 3005 119 3087 Quo
133 3021 196 3068 rate
208 3027 350 3090 suspensa
363 3011 455 3071 modo
470 3011 573 3074 nubila
584 3026 672 3073 nauta
684 3013 821 3089 tenebat,

84 3100 213 3183 Gurgite
224 3103 369 3166 subducto
382 3125 481 3165 rursus
494 3106 532 3165 ad
545 3125 614 3167 arva
628 3106 714 3166 redit.

42 3189 200 3256 Fluctibus
213 3194 326 3258 infestis
339 3197 436 3282 pelagi
449 3211 605 3280 spumante
619 3199 768 3282 procella,

764 3315 802 3375 29
