2230 3838
166 311 207 396 98
416 322 450 378 v.
476 324 511 386 u.
538 324 788 380 ronrunnrr

161 420 234 482 Dux
247 419 321 480 nitet
330 417 401 482 hinc
415 418 523 494 ermis,
538 419 695 500 praefectus
708 419 822 503 legibus
835 422 938 500 illinc,

204 513 383 589 Venerunt,
398 534 454 596 per
464 533 539 593 quos
552 534 685 575 crescere
698 514 773 576 festa
786 515 892 578 solent.

160 609 212 672 Ne
225 595 281 670 rili
294 609 369 670 desit
378 609 495 684 honor,
510 607 659 689 populum
670 607 757 670 Deus
770 611 849 672 auxit
860 613 1025 695 opimum,

203 703 268 784 Qui
278 703 352 766 vidit
363 723 482 765 sensum
493 700 552 763 hoc
565 700 692 763 voluisse
703 715 799 764 tuum.
832 721 854 777 ο

160 797 343 884 Mysteriurn
357 797 430 858 srdes
441 794 605 877 complevit
617 809 687 856 rota
697 798 844 878 petentis,

203 890 290 953 Felix
302 893 350 954 eui
364 891 506 951 dominus
518 911 584 969 quae
595 890 680 972 cupis
693 893 758 973 ipsa
770 893 862 955 vehit.

161 986 298 1048 Plurima
311 985 414 1047 divino
428 984 562 1047 celebres
575 984 722 1046 solemnia
737 987 837 1064 dono,

200 1081 309 1162 Adque
321 1079 383 1140 Dei
394 1079 496 1140 laudes
508 1078 623 1162 templa
636 1079 762 1143 colende
776 1081 867 1145 loces.

173 1251 213 1302 11.
237 1248 290 1300 DE
316 1247 477 1300 TEMPLO
501 1246 612 1314 QUOD
636 1248 791 1301 VlTALlS
814 1248 1050 1311 EPISCOPUS

393 1339 566 1380 nnvurrnrn
589 1339 809 1378 AEnrrrcnvrr.

160 1444 325 1546 Qursums
338 1461 375 1523 ad
387 1462 451 1524 hae'e
463 1460 557 1522 saneti
569 1459 723 1523 concurris
736 1459 844 1521 limina
856 1462 987 1545 templi,

200 1558 234 1620 Si
247 1558 347 1622 venias
360 1556 502 1640 supplex,
514 1555 565 1617 hic
576 1576 666 1636 prece
680 1556 774 1617 sumis
787 1577 895 1639 opem:

157 1655 262 1736 Quam
273 1672 356 1714 secer
370 1651 490 1712 antistes
503 1648 615 1711 Vitelis
626 1651 761 1712 condidit
774 1671 892 1729 arcem,

200 1746 343 1811 Culmine
357 1767 422 1826 quae
434 1745 515 1808 celso
529 1757 574 1805 est
585 1757 725 1827 tempore
736 1747 825 1808 ducta
834 1747 930 1810 brevi.

157 1841 326 1917 Fundavit,
340 1839 461 1915 struxit,
477 1840 606 1916 dotavit,
622 1840 731 1901 deinde
745 1842 872 1920 dicavit,

196 1934 238 1997 Et
249 1935 360 1997 meruit
372 1934 479 2017 templi
492 1934 608 1996 solvere
620 1948 690 1996 rota
701 1936 757 1996 sui.

156 2031 229 2111 Quo
243 2031 411 2092 veneranda
424 2029 469 2111 pii
483 2029 673 2111 requiescunt
686 2030 799 2093 viscera
814 2029 913 2108 Petri,
959 2057 964 2066 ·

199 2125 263 2207 Qui
276 2125 387 2187 meruit
399 2123 480 2185 solus
493 2124 575 2188 clare
588 2123 680 2208 ligare
692 2123 789 2206 polos.

157 2220 269 2283 Paulus
280 2218 444 2302 apostolice
457 2219 547 2281 simul
560 2219 616 2281 hec
628 2219 774 2280 retinetur
783 2219 816 2280 in
829 2218 912 2293 aula,

201 2315 348 2380 Seduetor
360 2316 529 2395 quondam,
542 2314 594 2396 qui
607 2314 701 2374 modo
715 2315 823 2376 doctor
835 2325 921 2375 orat..

158 2411 250 2475 Hanc
262 2432 346 2475 secer
356 2409 493 2472 Andreas
505 2410 665 2492 propriam
678 2409 735 2471 sibi
747 2410 884 2473 vendicat
897 2430 1034 2495 arcem,

198 2505 240 2567 Et
253 2526 322 2569 cum
335 2505 426 2566 lrutre
439 2505 492 2587 pio
506 2504 684 2587 participata
696 2503 782 2588 regit.

159 2600 237 2662 llaec
248 2621 300 2661 sua
313 2598 427 2681 ternpla
438 2598 537 2680 replet
549 2595 729 2660 Laurentius
739 2598 807 2682 igne
819 2619 947 2678 sereno,

201 2693 262 2757 Cui
275 2695 326 2777 pia
337 2692 461 2754 flamme
474 2692 556 2754 dedit
566 2692 632 2756 luce
646 2713 781 2776 perenne
792 2693 884 2756 diem.

158 2789 255 2856 vitali
269 2790 376 2850 domus
389 2788 444 2849 ista
457 2787 572 2869 placet,
586 2788 638 2869 qui
652 2788 735 2851 virus
748 2788 865 2866 arenis,

197 2882 345 2950 Defessus
356 2883 467 2944 meruit
480 2883 608 2967 perdere
621 2883 730 2945 mortis
742 2883 809 2946 iter.

159 2976 238 3040 Sunt
248 2977 315 3041 loce
330 2975 473 3055 Martini,
487 2978 538 3058 qui
549 2979 620 3039 texit
632 2989 713 3039 reste
726 2975 917 3056 Tonantem,

201 3073 253 3135 Ne
266 3072 360 3157 magis
373 3072 500 3157 algeret,
514 3094 546 3134 se
558 3072 689 3156 spoliare
702 3073 793 3134 dedit.

68 3171 70 3174 ’
159 3166 242 3232 Ecce
255 3166 350 3255 Vigili
363 3187 413 3229 arx
425 3180 470 3230 est
480 3188 571 3249 quem
584 3166 692 3230 rustica
704 3167 792 3231 turbe
804 3166 953 3251 peremit,
