2218 3862
131 343 196 410 286
383 354 416 407 v.
446 353 482 406 u.
505 351 751 405 rourursrr

129 452 232 516 Noxia
241 451 316 512 dum
328 460 475 530 cuperent
486 445 586 506 hostes
598 435 656 506 tibi
667 443 746 504 bella
759 458 887 524 parare,

173 544 236 607 Pro
249 559 278 606 te
292 542 436 627 pugnavit
447 541 555 602 mortis
568 540 599 599 in
612 558 697 600 orma
708 538 790 598 fides.

129 641 284 722 Prospera
294 639 440 721 judicium
453 637 518 698 siue
531 647 561 696 tc
572 647 622 694 tuo
634 653 722 695 causa
733 631 869 715 peregit,

171 733 214 795 Et
227 734 317 796 rediit
330 733 459 814 proprio
471 729 551 794 celsa
564 728 703 792 cathedra
715 747 779 786 suo.

130 829 198 892 Rex
208 829 309 902 boue,
321 848 362 887 ue
375 826 493 898 doleas,
508 844 581 884 uam
591 836 622 883 te
634 821 757 882 fortuna
769 817 919 900 querelis,

173 921 268 982 Uude
280 921 432 1004 fatigarit,
445 920 518 981 hine
528 917 658 979 meliora
669 914 761 976 dedit.

131 1017 251 1099 Aspera
262 1029 308 1076 tot
317 1015 477 1075 tolerando
491 1011 543 1073 diu
553 1012 647 1071 modo
658 1010 726 1070 loeta
736 1018 921 1088 sequuntur,

174 1109 217 1170 Et
229 1131 287 1192 per
298 1128 444 1171 moerores
454 1106 562 1189 gaudia
574 1117 644 1165 nata
656 1102 755 1164 metis.

133 1203 335 1267 Multimodas
349 1222 407 1284 per
418 1221 494 1284 opes
506 1199 659 1260 seminans
668 1210 719 1256 tua
729 1211 821 1276 regua
831 1190 982 1269 resumis,

173 1297 319 1378 Namque
329 1297 435 1358 labore
446 1295 528 1378 gravi
543 1311 678 1355 crescere
692 1307 798 1371 magua
811 1286 921 1348 solent.

132 1392 253 1474 Aspera
263 1411 329 1453 nou
338 1391 462 1466 nocuit,
474 1390 528 1450 scd
539 1407 605 1450 sors
617 1398 647 1448 te
660 1387 736 1446 dura
747 1381 906 1465 probarit,

175 1484 270 1547 Unde
280 1485 470 1569 gravabaris,
482 1483 592 1546 celsior
604 1481 679 1540 iude
685 1478 776 1539 redis.

132 1577 237 1642 Altior
247 1579 375 1641 assiduis
385 1579 513 1654 crescis,
528 1597 593 1636 uou
604 1571 750 1656 frangeris
761 1570 872 1648 annis,

176 1671 221 1734 Et
231 1673 307 1735 belli
318 1674 467 1735 artificem
478 1684 510 1733 te
522 1669 610 1730 labor
622 1668 690 1750 ipse
702 1665 783 1728 facit.

133 1763 262 1830 Fortior
273 1765 403 1827 efficeris
414 1785 472 1846 per
483 1763 578 1825 multa
590 1759 726 1843 pericula
739 1756 904 1840 princeps,

181 1857 230 1922 dc
240 1879 298 1941 per
308 1860 435 1920 sudores
448 1861 529 1920 dona
539 1856 648 1938 quietis
658 1853 760 1916 hebes.

140 1952 200 2018 Nil
211 1953 466 2027 doletaauissom,
479 1965 511 2012 te
525 1970 594 2034 rege
607 1947 785 2030 superstite,
797 1945 949 2020 mundus,

185 2044 249 2111 Cui
257 2067 291 2110 se
302 2058 460 2109 servarum
470 2045 572 2106 debita
582 2060 675 2124 regua
684 2040 788 2122 gradu.

143 2141 307 2206 Cousaluit
315 2141 439 2216 domui,
452 2137 576 2221 patriae,
588 2133 766 2216 populoque
779 2142 915 2206 creator,

186 2233 293 2318 Quen
301 2249 406 2322 gentes
417 2243 556 2294 metuunt
566 2242 597 2291 te
609 2247 765 2309 superesse
777 2227 890 2286 virum.

142 2327 196 2394 Ne
208 2341 276 2392 mat
285 2342 418 2392 amatus
429 2346 487 2408 per
497 2323 619 2386 Gallica
630 2341 702 2382 rura
712 2318 853 2397 rebellis,

186 2421 326 2486 Nomine
337 2421 462 2486 victoris
472 2421 524 2482 hic
536 2439 569 2479 es
580 2429 610 2479 et
622 2414 725 2496 ampla
737 2414 824 2497 regis

146 2513 253 2600 Quem
262 2514 492 2592 Geta,Wasco
502 2508 786 2588 tremunt,l)auus,
799 2504 929 2590 Scytha,
945 2503 1041 2585 Saxo,

310 2609 495 2684 Britauum,

189 2699 272 2766 thu
285 2715 372 2786 patre
382 2723 459 2785 quos
468 2703 590 2786 pridem
600 2712 632 2760 te
643 2695 807 2758 domitasse
818 2706 913 2776 patet.

145 2793 263 2864 ’ΜΝ
273 2809 306 2860 et
316 2797 458 2860 extremis
467 2794 649 2858 Frisouilsus
660 2804 749 2870 atque
764 2787 888 2864 suevis,

188 2889 256 2974 Qui
267 2910 367 2974 oeque
378 2891 460 2954 bella
471 2901 599 2973 parant,
613 2887 667 2948 sed
677 2897 729 2945 tua
739 2883 835 2944 iraeua
847 2893 967 2966 rogant.

148 2981 306 3052 Osonibus
314 2985 362 3050 his
372 2987 458 3049 daoas
468 3004 502 3048 es
510 2984 607 3045 timor
618 2979 673 3042 illo
686 2978 785 3061 judice
798 2997 927 3059 campo,

188 3077 229 3144 tl
242 3091 358 3144 tortore
369 3099 451 3142 novo
463 3079 559 3142 iactus
569 3097 603 3140 es
611 3075 688 3136 altus
699 3093 796 3134 amor.

147 3167 186 3234 lu
200 3183 248 3250 to,
261 3183 380 3252 mcor,
394 3173 485 3236 taber
495 3172 579 3256 regio
591 3169 777 3236 drcumdata
789 3179 935 3242 auuroua,¹
