2218 3862
164 313 227 374 300
424 324 458 376 V.
478 323 515 376 ll.
536 323 786 377 troarnum

163 413 298 499 Suscipit
307 415 459 478 haeredem
471 413 582 476 coelesti
593 415 730 497 germine
741 429 865 494 natum,

204 509 274 572 Tati
286 521 380 590 nupta
392 509 459 570 riro
469 509 589 586 quando
603 509 710 569 marita
723 509 830 591 placet.

161 604 210 666 'l'e
221 605 304 688 vigili
316 603 539 684 custodelopos
551 623 613 663 non
626 604 732 684 diripit
745 625 851 687 agnos,

201 697 249 760 'l'e
261 710 400 780 pascente
410 717 531 779 gregem
542 717 604 757 non
618 696 683 760 oris
696 697 757 757 ulla
770 700 858 779 perit.

162 791 288 855 Cautius
300 792 333 852 in
345 805 409 851 toto
422 812 479 870 per
490 792 576 849 mitia
588 811 697 871 pascua
710 789 810 866 ducis,

200 884 316 948 Toxica
328 906 368 945 ne
380 896 525 958 noceant,
540 883 635 944 llorea
648 905 717 944 rura
727 904 825 964 paras.

162 979 212 1040 sis
223 980 308 1040 cibus
321 991 352 1038 ut
365 977 490 1058 populi,
506 977 624 1057 placide
637 979 750 1059 jejunia
762 997 902 1055 servans,

203 1071 246 1132 Et
257 1073 344 1132 satias
356 1071 447 1145 alios,
462 1071 610 1131 subtrahis
622 1073 701 1132 unde
714 1072 781 1132 tibi.

162 1165 273 1228 Nudos
284 1179 363 1227 reste
374 1165 465 1246 tegis,
478 1165 588 1245 captivi
600 1163 719 1226 vincula
731 1165 839 1242 solvis,

204 1259 356 1341 Deposito
367 1259 493 1318 reddens
508 1258 605 1318 libera
619 1259 697 1320 eolla
707 1262 786 1342 jugo.

163 1353 309 1414 Erulibus
320 1355 429 1413 domus
441 1373 490 1426 es,
504 1371 537 1412 es
548 1353 746 1413 esurientibus
759 1372 843 1427 esca,

205 1446 293 1508 Felix
303 1447 352 1509 cui
367 1444 504 1507 Christos
516 1445 636 1506 debitor
649 1447 720 1507 inde
733 1459 845 1508 manet.

161 1539 210 1601 'l'e
221 1541 357 1602 doctrina
369 1541 519 1621 probum,
535 1540 726 1619 providentia
737 1561 819 1602 saera
833 1543 1009 1603 modestum

204 1633 309 1709 Fecit,
324 1647 354 1694 et
367 1633 488 1712 eloquio
502 1633 623 1694 vincere
636 1633 728 1693 mella
740 1647 810 1694 tuo:

161 1726 294 1808 Templa
306 1740 420 1788 vetusta
429 1748 542 1787 novans
553 1729 691 1808 specioso
705 1727 778 1788 fulta
790 1729 920 1804 decore,

204 1819 317 1880 luseris
328 1820 400 1881 hine
411 1821 534 1902 populis
543 1822 611 1903 plus
622 1822 653 1880 in
666 1842 771 1882 amore
783 1821 899 1882 Deum.

163 1911 211 1974 Ut
222 1912 345 1993 plebem
356 1914 457 1974 foveas
470 1913 571 1976 Rheni
583 1915 640 1975 tibi
653 1916 794 1976 convenit
809 1916 923 1990 amnis,
1028 1945 1033 1952 ·

207 2007 293 2086 Quid
309 2008 418 2069 reserat
426 2011 533 2085 terris,
548 2010 600 2089 qui
613 2010 694 2070 bona
706 2009 823 2090 praebet
834 2010 944 2088 aquis?

166 2101 243 2164 tlaec
253 2123 371 2182 quoque
379 2103 460 2163 lama
466 2105 568 2178 micat,
576 2104 758 2164 tuinstanras
766 2124 856 2162 omne
866 2105 949 2184 quod
958 2115 1047 2179 extat,

163 2193 167 2204 ’
208 2193 295 2255 Vivis
305 2197 337 2254 in
349 2209 494 2256 aeternnm
506 2197 593 2256 laude
606 2195 717 2256 fluente
729 2197 795 2256 tibi.

168 2287 238 2350 llae
249 2290 328 2350 vivas
340 2289 445 2372 longos
455 2291 635 2350 meritorum
648 2290 730 2373 fruge
744 2311 800 2370 per
811 2309 921 2367 annos,

207 2379 250 2442 Et
261 2397 412 2445 crescente
424 2385 476 2444 diu
486 2386 524 2444 de
535 2405 623 2467 grege
636 2397 705 2444 vota
715 2384 801 2445 seras.

237 2537 271 2587 X.
288 2537 341 2587 ΑΙ)
358 2537 694 2590 RAGNEMUNDUM
711 2533 968 2589 EPlSCOPUM.

167 2647 293 2731 Sontsst
307 2683 392 2749 pater
404 2671 524 2750 patriae,
539 2670 620 2733 dulci
634 2671 709 2731 mihi
723 2670 835 2731 famine
848 2670 959 2754 fulges,

207 2761 357 2822 Interiora
369 2764 431 2822 mei
445 2765 544 2825 cordis
554 2784 658 2825 amore
672 2778 786 2824 tenens.

168 2853 325 2935 Quicquid
337 2856 476 2918 amicitiae
489 2858 596 2918 veteris
607 2845 782 2940 collegimus
794 2856 901 2928 ambo,

211 2945 328 3011 Crescit
339 2950 370 3010 in
381 2949 523 3014 allectum
534 2973 671 3032 semper,
684 2951 804 3032 opime,
818 2969 933 3008 meum.

168 3039 252 3102 Nam
265 3043 341 3102 mihi
351 3044 433 3105 nulla
446 3065 530 3104 meos
542 3045 656 3106 oblivio
669 3044 747 3104 tollit
759 3062 893 3118 amores,

210 3135 292 3198 Ante
306 3137 345 3200 sit
357 3151 522 3200 extremum
533 3159 623 3218 qnam
636 3137 711 3202 mihi
724 3137 800 3199 desit
811 3155 907 3199 arnor.
