2230 3838
285 253 528 311 Potuerunt
552 251 682 313 LIBER
703 256 726 310 1.

189 347 278 410 Dum
292 349 422 432 cogitant
435 349 613 427 succedere,

190 441 285 506 Redit
296 444 435 506 sacerdos
448 444 500 525 qui
513 443 579 505 fuit.

235 535 355 599 Orante
368 537 475 621 plebe,
487 538 643 620 protinus,

189 630 278 694 Dum
290 653 382 694 nemo
396 633 509 709 credit,
524 633 671 693 redditur.

191 725 275 807 Quae
287 725 442 790 confluunt
455 739 523 809 post
533 726 650 804 tristia,

190 820 314 904 Majora
326 835 395 882 sunt
406 822 472 884 haec
481 821 598 905 gaudia.

233 914 346 978 Plausu
360 913 477 979 favebat
489 915 609 993 civitas,

193 1008 256 1074 Cui
267 1012 345 1072 redit
355 1010 496 1072 felicitas:

192 1104 315 1166 Orbata
328 1125 419 1184 quern
432 1102 610 1181 defleverat,

192 1196 318 1261 Patrem
333 1198 449 1280 recepit
462 1198 557 1260 anxia.

235 1291 341 1373 Quem
356 1293 403 1354 rix
416 1291 538 1374 putabat
551 1288 722 1377 redditum,

193 1385 353 1450 Praeventa
365 1399 437 1450 voto
450 1406 615 1469 prospero:

192 1481 258 1545 Res
270 1482 348 1543 mira
359 1483 479 1562 quando
492 1481 625 1548 cernitur
632 1526 646 1561 ‚.

193 1575 283 1639 Solet
295 1590 416 1659 stupere
429 1577 514 1640 risio.

235 1669 400 1756 Recolligit
412 1684 511 1734 rector
523 1691 667 1757 gregemr
734 1695 735 1700 ¹

193 1764 311 1829 Furore
324 1781 446 1850 captum
459 1767 594 1830 semitaez

192 1860 331 1924 Pastoris
342 1882 411 1926 arce
425 1862 559 1945 cognita,

194 1956 309 2019 Gavisa
320 1970 388 2018 sunt
400 1957 500 2020 ovilia.

238 2049 376 2133 Sumpsit
388 2053 514 2136 gradum
525 2071 586 2133 quo
599 2063 761 2138 tempore2

193 2145 360 2230 Regressus
374 2159 418 2209 est
432 2167 470 2209 co
483 2147 551 2208 die:

195 2239 277 2321 Quis
290 2262 352 2302 non
366 2263 498 2324 superno
511 2263 638 2304 munere
645 2286 660 2320 ,i

193 2333 269 2399 Hoc
283 2336 441 2420 contigisse
455 2336 617 2418 praedicet?¹

236 2428 370 2492 Tantum
384 2452 441 2494 uec
453 2444 521 2492 ante
535 2430 700 2513 praemium

194 2523 287 2587 Plebi
300 2525 374 2602 fuit,
389 2548 459 2589 curn
472 2526 564 2588 sactus
578 2537 639 2587 est:

192 2617 308 2681 laetata
321 2634 466 2700 quantum
479 2634 551 2682 tuuc
563 2620 636 2697 suit,

195 2712 332 2794 Quando
343 2717 459 2797 recepit
472 2714 645 2797 praesulem,

238 2807 351 2872 Venite
364 2811 460 2888 cives,
475 2810 631 2893 plaudite,

192 2901 238 2965 Et
249 2917 319 2966 vota
328 2906 406 2968 votis
419 2906 534 2981 addite,

195 2997 272 3076 Quo
285 2999 443 3062 factasunt
456 2999 624 3081 miracula,

194 3090 328 3159 Servent
340 3116 410 3160 eum
424 3094 564 3161 coelestia.

893 235 951 300 11³
