2222 3844
190 299 247 351 DE
273 300 368 353 vrrA
397 299 426 353 S.
452 299 638 354 MARTINI
665 301 839 360 LIBERI.
918 317 954 356 ει

76 391 207 453 Daemon
220 391 304 546 alpest
317 415 324 451 :
337 391 381 454 sic
391 393 497 454 umbra
512 394 585 477 sugit
597 416 687 476 quam
697 394 835 460 Christus
848 400 959 463 obum-

265 497 318 546 rai.

155 625 236 678 UBI
261 627 448 698 ΜᾼΤΒΕΜ
474 629 591 682 SUAM
617 630 886 688 BAPTIZAVIT.
947 691 950 700 ,

76 735 227 821 lausanna
242 773 372 822 matrem
385 762 488 845 gentili
502 784 606 826 errore
619 766 790 843 resolvens,

75 853 130 914 llla
143 854 236 915 istum
251 858 384 931 mundo,
401 857 450 918 hic
463 857 547 919 illam
559 859 710 940 generavit
724 861 871 947 olympo,

72 945 331 1028 Decrepilamque
344 971 448 1012 senem
462 967 564 1015 sancto
578 955 648 1016 lacit
661 975 750 1017 amne
765 955 899 1032 renasci,

72 1039 112 1102 Er
126 1042 257 1104 meliore
270 1044 337 1105 sinu
349 1060 493 1128 generant
506 1069 558 1110 sua
571 1039 683 1111 viscera
697 1063 836 1112 matrem.

291 1195 349 1247 DE
372 1198 540 1250 Amnon
564 1199 745 1254 HAERESL

72 1310 271 1407 Doounouu
285 1335 428 1420 sacrilego
442 1338 524 1415 quod
535 1336 653 1396 suderat
666 1335 757 1397 Arius
770 1357 842 1414 ore,

72 1427 266 1510 Tempestate
277 1430 359 1512 gravi
372 1442 469 1490 toturn
482 1430 680 1512 populaverat
694 1432 824 1503 orbern,

72 1519 132 1585 Per
143 1523 238 1607 magis
252 1521 408 1606 Illyricum
420 1522 499 1583 male
513 1523 656 1607 naufraga
667 1522 768 1606 lingua
781 1524 910 1585 natabat.

72 1615 156 1680 Hinc
168 1638 289 1697 quoque
303 1629 459 1698 coeperunt
471 1618 552 1679 nasci
564 1637 643 1678 nora
656 1617 760 1699 praelia
771 1620 870 1701 justo,

70 1709 199 1773 Fortior
207 1724 240 1772 ut
252 1711 337 1772 lieret
350 1711 494 1792 reparatis
507 1711 635 1794 belliger
648 1712 757 1787 armis,

69 1805 118 1866 Aa
128 1805 247 1867 virtutis
260 1825 336 1886 opus
350 1804 515 1886 permulta
529 1804 662 1886 pericula
677 1826 822 1867 crescens.

69 1898 128 1961 Vir
140 1900 209 1982 pius
223 1921 293 1982 ergo
307 1919 410 1983 sagax,
428 1899 558 1978 fideique
572 1898 681 1960 athleta
694 1899 793 1960 fidelis

71 1992 183 2076 Sparsa
194 2014 309 2054 venena
320 1994 440 2054 haeresis
454 1993 648 2073 reprimendo
661 1993 785 2054 dimicat
795 1991 873 2052 bosri
884 2033 895 2066 ,

71 2085 239 2169 Suppliciis
249 2086 383 2161 lacerus,
400 2085 499 2168 flagris
513 2087 616 2161 datus,
631 2087 706 2148 urbe
719 2085 866 2166 repulsus.

70 2179 157 2240 Nam
170 2181 266 2262 patris
276 2200 311 2244 ac
321 2178 413 2262 geniti
426 2178 572 2257 aequalem
586 2180 634 2241 vel
646 2180 769 2261 spiritus
782 2177 857 2238 almi

70 2272 144 2336 Vim
156 2319 165 2352 ,
178 2294 271 2358 genus
283 2287 312 2334 et
320 2273 486 2354 specimen,
498 2273 640 2334 virtutem
650 2316 658 2347 ,
669 2273 785 2345 lumen,
794 2271 957 2344 honorem,

70 2367 177 2430 Unum
192 2368 268 2429 velle
282 2367 374 2427 trium
387 2385 439 2426 sua
452 2387 507 2447 per
519 2379 670 2428 tormenta
685 2366 811 2425 latetur:

70 2463 181 2525 Dulcia
196 2463 335 2522 membra
348 2461 404 2523 viri
417 2480 586 2541 peramara
600 2458 715 2542 flagella
728 2468 889 2533 cavantur,

69 2557 109 2617 Et
122 2555 239 2619 Christi
252 2559 391 2638 juvenem
405 2568 536 2616 veterata
548 2552 667 2636 piacula
680 2563 820 2632 torquent
833 2575 842 2612 :

70 2649 133 2713 Sed
146 2651 266 2734 gravior
279 2650 312 2710 fit
321 2669 410 2730 poena
423 2649 496 2710 levis
507 2670 564 2731 per
575 2668 689 2710 nomen
703 2645 841 2707 amanlis.

82 2791 131 2844 un
149 2769 270 2844 nxrno
288 2791 317 2845 s.
328 2791 470 2845 unann
488 2790 534 2841 nr
553 2790 666 2842 cuum
687 2785 933 2841 consruucrn.

69 2905 123 2988 Er
135 2925 207 3006 quia
220 2945 352 2986 summus
363 2945 438 3006 apex
450 2924 520 2985 srdei
532 2968 541 3000 ,
560 2925 694 3001 vinulis,
707 2925 831 2988 honoris
843 2971 856 3006 ,

74 3019 210 3082 Hilarius
223 3019 309 3080 lamae
322 3021 421 3080 radios
434 3019 561 3102 jactabat
575 3019 606 3080 in
621 3019 747 3096 orbem,

70 3111 137 3178 Rite
149 3114 311 3177 sacerdotii
323 3112 489 3198 penetralia
499 3115 565 3198 jura
575 3113 764 3197 gubernans,
