2222 3844
155 329 195 404 st
404 341 438 394 v.
464 341 499 392 u.
527 339 779 394 ronrurrarr

155 432 319 515 Comperit
330 431 389 492 beu
403 431 550 491 samolum
562 431 678 494 crudeli
691 432 796 494 funere
807 444 926 514 raptum

153 528 306 590 Elidendo
319 547 406 586 suum
419 525 482 586 sera
495 547 552 606 per
565 525 724 606 suspendia
738 525 870 587 collum:

153 622 347 700 Accessitque
361 620 412 681 ubi
425 620 468 682 sic
480 619 560 681 male
574 619 704 701 pendula
715 622 813 701 praeda
827 621 956 702 jacebat;

154 711 281 799 Expulit
292 716 364 777 hinc
378 727 519 790 cunctosq
532 714 612 775 solus
625 714 713 775 solita
723 735 807 776 arma
820 715 986 795 requirens.

154 809 296 873 Incubuit
312 830 403 890 super
414 809 558 869 exanimis
571 808 714 890 pallentia
725 809 881 885 membra,

155 904 198 966 Et
206 905 318 985 premit
329 904 579 980 arcasacri,hunc
588 926 625 965 ne
636 904 787 985 deprimat
796 925 864 967 arca
874 904 1026 985 sepulchri
1039 928 1048 965 ι

154 998 231 1061 Mox
242 1011 343 1060 tamen
355 1019 408 1058 ore
422 1020 545 1080 precem
557 1011 590 1059 ut
600 998 731 1061 defuncti
745 999 827 1060 misit
838 999 870 1059 iu
884 1020 1007 1077 aurem,

154 1091 244 1154 Mors
258 1094 335 1174 pede
348 1113 433 1154 versa
447 1106 529 1154 retro
543 1093 676 1174 praedam
691 1093 813 1176 fugitiva
824 1093 965 1174 reliquit,

155 1185 359 1266 Evomuitque
373 1208 463 1249 vorax
479 1187 565 1247 arida
579 1189 616 1248 de
630 1187 714 1249 fauce
728 1188 876 1269 rapinam.

155 1278 299 1341 Protinus
312 1281 413 1341 exiluit
428 1281 511 1342 lento
526 1282 685 1343 conamine
699 1282 792 1343 iuncti

155 1373 229 1434 Jam
243 1375 339 1435 levior
351 1397 384 1435 se
398 1389 478 1435 terra
490 1397 616 1437 movens
629 1421 638 1451 ,
653 1377 783 1436 animata
796 1374 895 1436 calore
909 1419 917 1450 ‚

155 1466 311 1552 Languida
325 1469 403 1530 colla
415 1469 516 1530 levans
530 1467 691 1548 oculosque
705 1492 740 1529 ex
752 1483 851 1529 morte
862 1489 1011 1550 soporos,
1107 1463 1108 1490 l

153 1559 216 1622 Vix
229 1583 365 1624 reserans
377 1563 499 1644 gravido
514 1562 665 1644 vigilantia
678 1563 793 1623 lumina
806 1563 890 1634 risu3

155 1653 268 1717 Mortis
281 1657 436 1734 odoreque
450 1654 546 1716 adhuc
560 1669 735 1716 remanente
749 1657 781 1716 in
795 1656 917 1717 naribus
930 1655 1012 1717 illis:
1098 1730 1100 1738 Ι

156 1749 220 1811 Sed
233 1762 390 1831 praestante
404 1769 496 1809 mauu
509 1762 589 1809 totos
603 1749 693 1810 simul
707 1750 793 1834 erigit
805 1763 904 1826 artus,

156 1842 198 1915 Et
210 1845 291 1905 stetit
303 1842 461 1924 intrepidis
479 1843 690 1905 membrorum
702 1845 839 1907 machina
855 1844 981 1927 plantis:

154 1936 332 2000 Vivificatus
345 1937 427 1998 enim
440 1957 574 2020 gressum
588 1939 761 2000 meditando
775 1940 926 2002 rediscens

157 2031 303 2092 Reddidit
314 2031 492 2111 obsequium
506 2032 574 2094 vitae
588 2054 645 2114 pro
659 2055 785 2094 munere
797 2045 919 2108 sancto,

156 2123 264 2205 Usque
276 2127 313 2186 ad
327 2125 508 2186 vestibulum
522 2128 630 2187 domus
643 2119 730 2187 illum
745 2129 853 2190 ducere
867 2128 1012 2202 tendens,

155 2219 345 2281 Defunctum
360 2221 470 2302 eripuit
481 2221 581 2282 subito
595 2222 646 2301 qui
659 2243 693 2282 ex
706 2222 812 2283 limine
824 2222 946 2293 mortis;

156 2311 220 2375 Pro
235 2317 374 2377 mercede
388 2335 512 2377 manens
527 2316 590 2377 baec
602 2318 808 2398 compensatio
821 2319 919 2399 justo,

155 2409 267 2472 Gloria
281 2408 401 2472 Christe
414 2410 486 2486 tibi,
502 2411 574 2473 iacis
586 2411 649 2473 baec
663 2412 714 2491 qui
726 2412 804 2472 mira
817 2432 874 2492 per
885 2410 1003 2472 orbem.

237 2549 294 2602 DE
322 2549 624 2602 ORDINATIONE
655 2550 844 2603 EPlSCOP
857 2549 972 2601 ATUS.

157 2660 301 2746 Acelum
315 2697 348 2745 ut
361 2683 521 2746 Turonum
534 2686 642 2767 praesul
656 2699 808 2768 peteretur
820 2687 861 2747 ad
874 2687 1001 2761 urbem,

157 2778 227 2841 Nec
240 2793 342 2840 tamen
352 2780 440 2842 educi
452 2780 547 2860 possit
560 2782 597 2841 de
610 2780 715 2842 limine
729 2781 813 2843 cellre
826 2804 834 2840 ι

158 2871 301 2936 Ruricius
314 2875 453 2953 quidam,
468 2874 606 2935 simulata
619 2874 703 2935 sebre
715 2874 838 2957 jugalis,

158 2964 291 3028 Obtinet
304 2989 454 3050 egressum
468 2981 568 3029 sancta
581 2969 619 3034 ad
633 2968 754 3049 vestigia
766 2967 892 3050 supplex
905 2992 912 3028 :

159 3059 298 3121 Urbibus
313 3082 347 3122 ex
360 3061 484 3141 reliquis
495 3081 573 3121 nova
587 3059 785 3122 conciliabula
798 3072 939 3137 currunt,

160 3153 322 3219 Laetificate
334 3154 424 3216 simul
438 3166 572 3219 sanctam
584 3175 615 3216 se
629 3155 708 3218 serre
722 3154 871 3238 rapinam.
