2222 3844
182 235 238 284 DE
262 235 362 287 VITA
386 237 414 290 S.
436 236 629 290 MARTINI
652 237 783 291 LIBER
805 241 828 290 1.
910 230 946 290 31

82 329 192 391 Solvere
205 331 346 392 festinans
358 331 497 392 animatae
509 331 629 394 vincula
641 332 759 407 earnis;

81 423 199 506 Spiritus
211 446 320 487 arcano
332 426 382 486 vix
392 426 516 487 mobilis
528 427 591 487 ibat
602 427 731 504 anbelo,
772 483 776 490 .

79 517 147 581 Fine
160 521 276 582 trahens
288 521 381 581 dnbio
393 522 559 602 perituram
572 523 697 584 naribus
709 543 832 586 auram:

79 610 145 690 Pes,
160 636 283 691 manus,
297 636 366 691 ora,
385 637 467 699 genae
481 616 643 677 recubabat
655 617 754 702 imago
766 619 910 700 sepultae,

77 706 136 771 Nec
145 709 290 770 tumulata
303 711 446 790 quidem,
463 711 516 771 sed
528 711 629 790 portio
643 725 705 772 tota
718 713 879 796 sepulchri.

77 801 161 885 Cujus
173 824 277 864 amore
290 804 342 884 pio
356 804 449 885 patris
460 805 627 865 exanimata
639 820 794 883 senectus,

73 894 237 960 Dilacerata
248 899 351 982 genis,
375 899 472 960 niveis
484 899 564 960 male
578 912 701 982 compta
714 901 831 983 capillis

75 988 147 1052 Cum
158 993 321 1074 impatiens
332 1006 452 1077 ageret,
465 1015 523 1056 nec
535 995 650 1056 adesset
663 1016 734 1058 cura
747 997 892 1073 medelae,

76 1085 229 1170 Comperit
239 1102 272 1149 nt
283 1102 417 1151 sanctum
430 1092 586 1153 advectum
597 1090 753 1173 dignanter
765 1093 803 1151 ad
813 1093 940 1170 urbem,

72 1183 192 1245 Advolat
205 1185 277 1244 inde
291 1205 379 1246 senex
392 1184 498 1247 vetulis
510 1185 684 1268 juveniliter
696 1185 803 1260 annis,

72 1275 196 1362 lmpiger
210 1278 352 1354 exiliens,
368 1300 454 1341 eursu
467 1299 520 1339 sua
532 1292 673 1360 tempora
685 1279 819 1349 vincens.

74 1368 250 1435 Pontificum
262 1373 391 1436 vallante
404 1373 498 1436 choro
510 1418 519 1449 ‚
535 1373 712 1454 populoque
724 1372 872 1434 fremente

72 1465 155 1528 lrruit
164 1470 196 1528 in
209 1469 328 1529 medios
340 1467 524 1530 clamoribus
537 1467 776 1528 inverecundus:

73 1558 148 1624 Nam
158 1564 250 1624 dolor
263 1562 384 1646 insignis
397 1582 461 1622 nou
474 1562 599 1644 respicit
612 1581 696 1622 arma
710 1562 843 1644 pudoris.

74 1653 190 1718 Corruit
203 1677 276 1740 ergo
289 1677 380 1718 senex
392 1657 487 1717 sancti
501 1657 540 1716 ad
553 1656 675 1739 vestigia
687 1677 802 1738 pronus

73 1750 191 1829 Genua,
207 1773 317 1812 manus
327 1751 503 1832 plantasque
512 1771 568 1832 per
577 1749 677 1813 oscula
685 1750 792 1810 mollia
804 1749 955 1810 lambens:

70 1842 124 1905 Vix
134 1848 250 1930 gemitu
263 1846 395 1920 laxante,
411 1845 495 1925 loqui
508 1845 552 1906 sic
564 1845 673 1926 incipit
684 1865 777 1928 aeger:

70 1937 123 2001 Vir
136 1941 270 2002 lllartine
285 1939 366 2015 Dei,
381 1939 488 2020 populi
503 1951 630 2021 patrone
645 1938 767 2014 salotis,

72 2030 123 2094 Vir
138 2035 253 2098 conctis
265 2034 399 2095 bonitate
416 2053 524 2113 parens
536 2077 545 2109 ,
559 2033 616 2093 tibi
628 2053 751 2116 suggero
766 2032 882 2105 luctus,

72 2127 116 2192 Ne
128 2131 235 2192 miseri
248 2143 373 2211 pereant
383 2128 524 2214 lacrymae
537 2129 657 2210 pietatis
670 2129 794 2203 amicae,

74 2223 169 2304 Quem
180 2246 251 2286 mea
264 2245 351 2288 causa
364 2224 454 2284 trahit
466 2223 533 2286 loca
545 2237 607 2283 tam
620 2223 784 2305 longinqua
795 2222 919 2295 venire,

71 2315 112 2379 Ut
123 2320 210 2382 labor
222 2321 276 2381 iste
289 2320 345 2382 viae
356 2318 468 2379 tribnat
482 2319 665 2399 compendia
675 2318 744 2378 vitae
756 2337 763 2375 t

72 2409 120 2474 Fst
130 2416 207 2475 mibi
221 2428 291 2475 nata
301 2413 386 2475 domi
399 2414 583 2476 decumbens
594 2413 719 2475 vulnere
731 2409 835 2471 morbi

73 2503 209 2590 erquiis
222 2509 321 2570 vicina
334 2509 413 2583 suis,
428 2509 493 2569 sine
505 2521 585 2569 sorte
597 2505 745 2583 medelae,

75 2598 144 2681 Qua
157 2605 311 2685 quondam
325 2603 487 2666 incolumis
501 2604 595 2663 stabat
609 2622 678 2662 mea
691 2601 754 2662 sola
767 2599 923 2682 voluptas,

74 2692 234 2778 Obsequiis
246 2698 360 2759 intenta
374 2698 451 2780 piis,
466 2696 643 2779 placabilis,
657 2698 689 2757 in
703 2717 761 2776 qua

72 2786 138 2852 Vita
151 2793 247 2865 mihi;
262 2793 325 2855 baec
337 2815 403 2874 quae
415 2792 511 2854 dulcis
523 2806 587 2853 erat
598 2793 724 2853 solando
738 2804 890 2855 senectam
903 2832 913 2865 ,

72 2879 145 2949 Ecce
159 2887 257 2970 perit,
272 2909 433 2969 secumque
447 2889 536 2948 trabit
547 2908 616 2949 mea
628 2889 742 2950 viscera
756 2887 855 2961 letho,

75 2974 279 3063 Canitiemqne
293 2984 386 3065 patrIs
399 2984 562 3045 miserandi
577 2984 608 3043 in
621 2996 732 3043 tartara
747 2982 848 3044 ducit:

74 3068 118 3137 lre
129 3079 181 3140 sed
192 3077 258 3161 ipse
270 3080 357 3164 prior
368 3100 515 3164 cuperem
526 3079 551 3144 si
563 3080 644 3143 forte
657 3077 773 3142 liceret.
