2230 3838
154 309 213 374 156
413 320 445 373 v.
467 317 503 370 n.
525 314 776 368 ronruunrt
812 327 814 332 v

150 463 498 532 trauvaticum
522 461 770 515 EPISCOPUM
794 460 1046 516 meruissent

155 593 316 678 Gouotrtt
329 608 457 674 caeruleo
471 607 592 690 pelagus
605 603 736 667 Musclla
749 605 875 683 relaxat,

191 709 232 771 Et
246 695 348 769 movet
360 705 493 787 ingentes
505 700 640 762 molliter
653 700 750 761 amnis
764 719 865 780 aquas.

149 803 273 866 Lambit
286 800 452 863 odoriferas
464 795 601 859 vernanti
613 795 749 878 gramine
761 795 858 876 ripas,

190 899 232 959 Et
244 897 321 958 lavat
332 894 495 955 herbarum
509 890 619 951 leniter
632 891 712 951 unda
725 909 836 950 comas.
930 893 936 904 ”

56 1015 58 1020 “
150 994 235 1056 Hinc
246 995 347 1053 dextra
357 990 394 1048 de
407 998 492 1069 parte
504 984 570 1045 lluit
583 984 634 1063 qui
649 980 731 1043 Salia
745 983 856 1060 fertur,

191 1086 335 1148 Flumine
347 1083 399 1143 sed
410 1079 516 1142 lluctus
529 1078 711 1160 pauperiore
725 1077 824 1138 trahit.

150 1183 236 1245 Hinc
248 1180 300 1241 ubi
313 1174 480 1260 perspicuis
495 1171 658 1232 Mosellam
671 1171 807 1234 cursibus
820 1171 929 1248 intrat,

190 1275 323 1338 Alterius
336 1272 415 1334 vires
428 1267 553 1350 implet,
569 1266 676 1346 etipse
692 1265 782 1347 perit.

151 1371 224 1434 Hoc
237 1368 343 1430 Mettis
358 1366 480 1427 fundata
492 1361 562 1422 loco
575 1360 727 1440 speciosa,
741 1377 915 1435 coruscans,

191 1463 329 1527 Piscibus
343 1461 496 1523 obsessum
509 1456 617 1539 gaudet
628 1466 789 1533 utrumque
802 1453 886 1516 latus.

147 1559 321 1622 Deliciosns
332 1575 401 1639 ager
412 1554 490 1613 ridet
503 1548 696 1612 vernantibus
709 1548 807 1610 arvis:

192 1653 277 1714 Hinc
291 1661 352 1712 sata
365 1647 443 1710 culta
456 1645 556 1718 vides,
571 1642 670 1705 cernis
683 1654 713 1702 et
726 1641 797 1702 inde
810 1659 902 1700 rosas.

149 1745 304 1827 Prospicis
316 1742 462 1803 umbroso
474 1737 596 1799 vestitos
607 1734 733 1817 palmite
748 1735 857 1810 colles,

193 1837 333 1901 Certatur
346 1835 428 1897 varia
441 1831 594 1894 fertilitate
606 1830 700 1891 locus.

150 1931 236 1995 Urbs
248 1931 363 1992 munita
375 1927 466 1989 nimis
481 1945 571 2006 quam
583 1924 675 2007 cingit
684 1941 788 1983 murus
799 1934 830 1982 et
841 1922 963 1999 amnis,

192 2024 350 2087 Pontificis
362 2021 472 2084 merito
483 2034 542 2081 stas
554 2017 680 2079 valitura
693 2016 796 2100 magis.

69 2194 70 2202 ἵ
149 2120 280 2184 Villicus
292 2117 427 2180 aethereis
440 2116 491 2195 qui
505 2115 548 2176 sic
560 2113 638 2174 bene
655 2110 763 2171 militat
775 2109 886 2186 armis,

193 2213 308 2276 Stratus
320 2211 404 2273 humi
417 2209 543 2293 genibus
557 2220 585 2268 te
598 2206 676 2268 levat
687 2206 738 2267 ille
750 2205 822 2266 suis.
853 2191 855 2194 ¹

150 2310 244 2371 Unde
257 2305 380 2370 humilis
389 2303 477 2365 terris
489 2314 519 2362 te
530 2301 654 2383 projicis
665 2300 745 2362 alme
756 2299 912 2375 sacerdos,

194 2400 323 2465 Orando
335 2400 406 2461 binc
419 2397 524 2478 patriae
535 2394 618 2457 ducis
631 2396 669 2454 ad
680 2406 758 2454 astra
771 2404 869 2474 caput.

149 2497 288 2560 Fletibus
301 2493 424 2556 assiduis
437 2489 566 2570 acquiris
578 2489 685 2572 gaudia
698 2486 798 2569 plebi,

192 2590 326 2652 Pastoris
338 2584 479 2668 lacrymis
492 2583 679 2645 laetilicautnr
692 2601 771 2642 oves.

150 2685 264 2750 lctibus
277 2681 415 2744 invalidis
428 2678 564 2758 quamvis
576 2677 732 2737 minitetur
743 2673 880 2752 iniquus,

193 2777 242 2839 'l'n
255 2777 363 2859 quibus
374 2795 405 2836 es
418 2793 521 2833 murus
534 2771 658 2833 vulnera
668 2768 750 2831 nulla
760 2768 878 2829 timent

150 2873 191 2935 Et
203 2872 274 2934 licet
285 2871 400 2932 incluso
413 2868 501 2948 lupus
517 2865 675 2927 insidietur
687 2863 776 2939 ovili,

191 2965 238 3027 Tc
252 2966 374 3027 custode
387 2961 482 3047 gregis
495 2960 539 3021 nil
550 2960 593 3021 ibi
607 2960 710 3041 praedo
722 2969 822 3020 nocet.

152 3058 299 3122 Oblectas
313 3057 443 3140 populos
458 3053 539 3114 vultu
552 3055 616 3115 siue
629 3054 710 3114 nube
723 3070 850 3125 sereno,

195 3152 442 3229 Cunctorumqne
455 3147 573 3208 animos
587 3147 680 3231 gratia
692 3147 803 3209 blanda
815 3145 905 3208 fovet.
