2222 3852
147 304 207 368 208
410 317 442 369 V.
461 316 497 368 tt.
522 315 767 370 ltottt'ttttust

144 407 201 470 ltta
213 410 319 469 domus
332 407 459 489 proprio
472 406 526 468 sub
540 407 677 486 pondere
693 419 755 470 tuta
767 420 906 487 tenetur,

188 501 266 581 Quae
280 501 474 562 fundamento
485 511 541 560 stat
550 499 628 561 bene
643 499 699 560 fixe
710 521 774 561 suo.

147 594 227 658 Cum
241 595 280 655 sis
293 595 464 678 progenitus
476 593 555 657 claro
567 593 604 653 de
616 605 705 675 geute
722 591 902 673 sicamber,

185 687 292 749 Floret
305 689 336 748 in
349 686 470 767 eloquio
484 686 583 768 lingna
593 684 687 746 latius
698 699 761 748 tuo.

146 781 254 863 Qualis
267 803 298 844 es
310 782 344 843 in
354 780 479 862 propria
493 781 582 842 docto
595 799 735 842 sermone
748 779 889 860 loquela,

187 876 252 957 Qui
263 897 318 936 nos
332 873 489 936 Romanos
501 873 596 936 vincis
609 873 641 933 iu
655 873 791 953 eloquio!
855 917 860 924 .

146 967 292 1053 Splendet
304 969 336 1029 in
350 986 403 1029 ore
416 968 480 1030 dies
493 969 610 1028 detersa
622 965 722 1030 fronte
736 987 873 1047 serenus,

188 1063 329 1125 Sinceros
342 1061 463 1122 auiutos
472 1058 577 1121 nubila
589 1058 670 1120 uuila
684 1074 834 1140 premunt.

145 1155 266 1219 blande
278 1145 452 1218 serenatum*
463 1153 629 1216 circumdat
642 1154 737 1236 gretia
749 1154 863 1216 vultum
880 1200 892 1232 ‚

195 1250 345 1310 Laetitiam
358 1247 489 1330 populus
498 1247 575 1330 regis
587 1247 625 1307 ab
637 1267 689 1309 oue
702 1248 790 1332 capit.

145 1342 326 1406 Muneribus
339 1341 427 1424 largis
437 1339 535 1422 replet
546 1353 597 1401 tua
607 1340 700 1424 gratia
714 1353 854 1418 cunctos,

186 1437 233 1497 Ut
245 1457 314 1498 mea
326 1435 406 1498 dieta
415 1434 544 1516 probes,
558 1434 645 1515 plebs
656 1434 731 1494 mihi
746 1436 826 1496 testis
838 1437 934 1499 adest.

146 1529 178 1593 O
191 1531 310 1593 bonitas
323 1530 469 1591 immensa
482 1527 564 1603 Dei,
578 1549 644 1608 quse
657 1528 748 1591 divite
760 1549 866 1606 ceusu,

191 1623 286 1704 Quod
300 1622 418 1684 famulis
429 1620 551 1696 tribuit,
566 1621 625 1683 hoe
637 1633 720 1703 putat
732 1641 794 1684 esse
807 1623 917 1685 suomi

147 1716 248 1800 Erigis
263 1717 413 1796 abjectos,
427 1726 542 1778 erectos
554 1713 619 1796 lege
632 1715 746 1791 tueris,

191 1806 347 1869 Omnibus
360 1810 392 1868 in
405 1821 502 1869 totum
515 1807 608 1868 faetus
621 1826 652 1868 es
665 1827 757 1870 omns
770 1808 902 1871 honum·

143 1901 284 1985 Protegat
298 1902 491 1984 omnipotens
500 1901 620 1981 pietatis
630 1922 756 1964 munere
769 1923 889 1986 regem,

188 1994 228 2055 Et
240 1997 397 2056 dominum
411 2007 508 2056 servet
518 2015 608 2073 quern
622 1995 704 2055 dedit
717 2015 779 2056 esse
793 2007 924 2075 patrem.

146 2086 237 2152 Cives
248 2101 276 2150 te
288 2090 425 2169 cupiant,
440 2100 471 2148 tu
484 2086 593 2169 gaudia,
602 2087 716 2150 civibus
728 2089 834 2164 addas,

189 2179 282 2244 Plebs
296 2181 411 2263 placeat
425 2180 660 2258 famulans,.rex
669 2182 780 2264 pietate
793 2193 885 2265 reget.

153 2333 630 2388 1V.nET1{E01)Ecu1L1ttt
648 2334 808 2390 REGINA
826 2335 1029 2392 EGREGIA.

145 2445 290 2532 lucinus
301 2467 461 2553 progenies
474 2466 564 2551 regali
577 2467 670 2550 stirpe
683 2487 866 2545 eoruseuusr

185 2561 246 2624 Cui
257 2562 370 2624 celsum
383 2582 401 2622 a
413 2562 533 2644 proavis
547 2581 660 2624 nomen
674 2562 758 2645 origo
771 2562 861 2624 dedit.

143 2653 247 2719 Currit
258 2655 292 2719 in
303 2657 377 2720 orbe
390 2655 494 2717 voians
506 2655 623 2738 generis
635 2674 714 2716 nova
726 2654 948 2738 gloriovestri,

182 2747 225 2809 Et
237 2747 327 2809 simul
338 2747 409 2811 binc
421 2748 513 2811 frater
524 2761 665 2830 personat
676 2793 684 2826 ‚
696 2749 766 2811 inde
779 2761 874 2832 pater.

142 2840 204 2906 Sed
216 2841 350 2922 quamvis
363 2842 455 2908 niteat
468 2862 611 2926 generosa
624 2863 760 2926 propago
774 2854 958 2925 pareutum,

170 2933 324 3005 ¹Moribus
335 2957 369 2999 ex
382 2936 486 2998 vestris
498 2936 712 3018 multiplicatus
723 2937 833 3000 bonor.

145 3027 306 3094 Cernimus
319 3031 351 3091 iu
364 3030 450 3092 vobis
463 3030 605 3110 quicquid
617 3030 752 3091 laudatur
766 3030 798 3090 in
811 3028 897 3106 illis„

185 3122 312 3187 Ornasti
323 3125 497 3209 antiquum,
511 3123 755 3204 Theodeobilde,
769 3143 871 3210 genus.
