2222 3844
166 364 228 416 DE
248 357 353 416 VITA
376 359 403 412 S.
427 356 619 412 Maurum
642 357 768 413 LIBER
791 359 845 413 tv.
893 345 935 410 85

30 461 78 525 Ac
91 461 190 521 datur
204 453 357 536 armigero
370 449 496 514 victoria
508 449 631 512 vulnere
645 451 765 513 crebro.

29 557 196 618 fraterno
210 547 345 629 alloquio
358 546 403 610 sie
415 545 535 629 angelus
547 545 675 628 explicet
687 567 760 624 ore,

25 651 71 714 Et
84 651 162 712 vice
176 643 317 730 germani
330 641 455 702 monitis
467 641 792 719 animaritamantem,

26 745 139 807 Tanta
155 754 203 804 est
218 759 289 802 eura
302 736 364 798 Dei
379 734 548 798 Martinum
561 736 691 798 avellere
704 737 809 821 lapsu,

27 839 186 902 Ulterius
200 834 317 920 synodo
329 851 427 911 neque
438 852 470 894 se
482 831 662 913 promiscuit
675 833 794 910 insons,

29 933 241 1011 virtutisque
254 950 313 989 snae
324 926 442 988 damnis
455 947 534 988 nova
547 925 629 989 luera
642 929 768 1010 paravit.

25 1029 99 1092 Res
113 1027 239 1111 probat
252 1023 317 1105 ipsa
329 1035 431 1083 tamen
444 1041 529 1084 sacro
543 1023 724 1084 venerabilis
737 1036 824 1086 actu:

26 1125 194 1203 Namque
209 1120 248 1179 ad
262 1116 486 1180 Pseudosornm
499 1117 582 1180 cellae
595 1119 668 1180 dum
682 1119 838 1182 accederet
852 1139 940 1205 aeger,

31 1221 154 1301 Quem
167 1214 252 1277 male
265 1214 388 1276 vexabat
399 1213 530 1274 nimium
544 1213 608 1274 fera
618 1211 779 1274 Daemonis
793 1215 858 1292 ira,

29 1312 240 1399 Ingenioque
252 1309 333 1392 gravi
348 1308 506 1389 torquebat
518 1307 653 1388 iniquior
663 1307 793 1385 umbra,

31 1409 127 1471 Ante
146 1404 327 1466 monasterii
340 1423 430 1484 quam
444 1402 551 1464 limina
563 1417 698 1486 tangeret
710 1403 802 1482 almi,

33 1501 182 1565 lttartini
197 1498 307 1560 faciem
320 1498 428 1582 refugit
440 1498 521 1560 ferus
532 1500 660 1581 hospitis
672 1499 786 1576 hostis,

37 1596 84 1658 Et
98 1592 269 1658 benedicta
282 1592 339 1654 viri
353 1605 452 1654 terror
466 1593 524 1669 suit
536 1613 590 1655 ora
602 1593 719 1668 videri,

38 1691 77 1754 N
79 1712 126 1754 on
141 1686 272 1751 sufferre
285 1687 386 1749 valens
400 1710 447 1750 res
460 1689 673 1753 obscurissima
685 1688 806 1764 lumen,

37 1785 121 1848 Nec
133 1802 211 1868 vaga
223 1794 430 1860 constantem,
444 1784 520 1869 sugit
531 1784 624 1844 infida
636 1784 728 1846 corde
740 1783 882 1859 fidelem,

43 1879 141 1942 Saeva
152 1880 290 1953 bonum,
305 1877 418 1940 furiosa
430 1879 536 1961 pium,
548 1877 717 1941 truculenta
727 1877 911 1962 benignum,

45 1971 105 2037 sic
119 1992 244 2052 (tuoque
257 1971 386 2055 nigranti
397 1973 544 2036 retinetur
556 1976 646 2058 janua
658 1972 742 2036 lueis.

42 2067 101 2131 En
114 2065 271 2129 medicina
283 2066 359 2129 sacri
372 2067 442 2129 satis
454 2067 561 2144 unica,
583 2070 666 2151 cujus
680 2067 822 2149 opimum
891 2147 893 2152 Ι

42 2161 243 2245 Hospitium
254 2161 382 2238 vidisse,
396 2162 454 2224 fuit
467 2163 612 2226 memisse
625 2161 762 2224 salutem.
781 2203 783 2208 -

46 2257 189 2321 Sanctus
202 2256 235 2315 in
246 2257 310 2317 aede
323 2255 413 2333 latet,
427 2256 502 2319 soris
515 2258 574 2319 exit
592 2256 677 2342 origo
691 2254 835 2331 medelae,

48 2351 97 2414 Et
109 2369 186 2413 cura
198 2363 267 2411 ante
280 2351 367 2412 datur
378 2351 490 2413 medici
504 2371 595 2433 quam
609 2351 709 2412 forma
720 2349 847 2411 videtur.

48 2445 132 2509 Nec
142 2443 214 2506 satis
226 2456 270 2506 est
280 2445 394 2507 mirum
407 2447 524 2508 dederit
536 2447 609 2528 qnid
622 2464 753 2528 corpore
764 2461 914 2525 praesens,

49 2538 201 2602 Nomine
212 2537 268 2600 sub
279 2542 363 2623 eujus
376 2551 556 2626 sparguntur
568 2542 648 2602 dona
658 2560 715 2623 per
727 2537 853 2600 orbem:

52 2632 174 2698 Navita
186 2653 256 2696 cum
268 2635 391 2715 quidam
404 2635 579 2722 Tyrrenum
592 2648 726 2698 curreret
738 2653 859 2714 aequor,

51 2729 138 2792 Fert
149 2728 210 2789 iter
221 2730 261 2790 ad
273 2728 428 2808 Romam,
442 2731 525 2812 quod
537 2729 705 2794 velificante
719 2729 821 2794 volatu

54 2823 211 2886 Turbinis
223 2824 386 2906 impatiens
398 2826 496 2888 oritur
507 2824 653 2888 violentie
664 2826 745 2889 venti
759 2850 767 2886 ε

56 2917 200 2982 Exilinnt
211 2916 337 2997 fluctus,
351 2920 463 2982 feriunt
476 2938 547 2983 cara
559 2918 627 2983 vela
638 2921 795 2998 rudentes,

58 3012 160 3076 Notat
172 3012 265 3096 pinus
276 3014 376 3092 iners,
390 3016 549 3098 rapiuntur
560 3015 644 3101 signa
656 3014 809 3091 ceruchis,

62 3105 158 3171 Lenis
171 3121 203 3170 et
214 3121 352 3172 antennae
363 3110 504 3175 coeuntia
516 3129 629 3174 cornua
642 3110 800 3185 frendent,

64 3201 148 3267 anis
162 3204 273 3286 inops,
287 3205 422 3290 stupidus
434 3205 529 3268 resilit
542 3206 579 3268 de
592 3225 697 3289 puppe
709 3203 859 3287 magister.
