2218 3862
269 327 507 384 conmanunt
532 325 658 388 itattn
679 337 732 389 tx.
882 325 939 388 311

199 483 315 537 XVIII.
339 485 392 536 DE
417 487 547 540 ttttttta
568 490 805 548 IDOLORUM.

59 581 168 668 duona
180 628 249 669 curn
263 624 387 691 cuperet
401 609 550 674 Martinus
562 628 694 678 sternere
708 616 797 692 fulta,

101 698 244 763 Conterit
257 702 319 765 haec
332 705 415 766 coeiis
428 727 535 790 magua
547 708 688 770 columna
701 732 801 773 ruens.

59 794 214 857 Auxilium
227 798 265 857 ad
277 798 345 878 justi
361 799 509 882 dignando
525 802 633 862 militat
645 806 754 866 aether:

101 887 227 968 Quanta
239 890 312 951 fides
326 893 408 973 cujus
421 894 526 1016 currit·
525 897 563 955 ad
574 915 659 956 arma
670 897 771 979 polus!

238 1051 320 1103 xlx.
337 1051 392 1106 DE
408 1053 542 1112 FALSO
561 1057 771 1114 MARTYRE.

15 1253 16 1260 ἵ
63 1151 184 1235 Futura
198 1171 350 1235 colebatur
362 1173 433 1236 dum
447 1173 514 1252 quis
526 1194 584 1256 pru
596 1189 727 1260 martyre
740 1177 834 1254 latro,

15 1271 16 1342 i
104 1266 234 1333 Martini
246 1268 375 1328 adventu
388 1288 419 1328 se
434 1265 544 1348 probat
557 1288 619 1328 esse
631 1289 727 1331 reum.

15 1365 16 1410 ἶ
35 1403 40 1441 5
64 1361 195 1424 Virtutis
209 1359 318 1424 merito
333 1359 403 1421 fidei
418 1360 551 1420 radiante
564 1381 708 1438 corusco,

15 1468 35 1531 „x
105 1455 178 1518 Nec
191 1466 268 1518 tacet
280 1453 415 1530 extincti,
430 1474 487 1515 uec
499 1454 570 1515 latet
582 1455 690 1516 umbra
703 1455 758 1518 rei.

183 1607 245 1658 XX.
264 1605 318 1656 ΑΙ)
342 1604 676 1659 CHILDEBERTUM
692 1607 846 1659 REGEM·

67 1696 102 1736 ar
120 1695 343 1737 nnunacmcnant
366 1696 683 1750 nuu1nnra‚nannrarr
701 1697 798 1737 sanent
816 1698 951 1740 manarat.

70 1800 262 1886 PnAEcatsts
276 1820 407 1883 dominis
421 1820 549 1883 famulus
563 1843 644 1885 nunc
657 1823 747 1885 corde
759 1822 900 1905 pusillus,

111 1917 265 1999 Prospera
276 1916 334 1976 sint
346 1915 432 1977 vobis
446 1936 502 1977 ceu
514 1916 604 1997 cupio
618 1937 653 1978 ex
663 1917 776 1981 auimo,

71 2009 154 2075 Ecce
168 2011 339 2091 supervenit
352 2010 515 2071 venerandi
528 2011 559 2070 in
572 2011 670 2072 secula
684 2010 775 2086 civis,

112 2103 243 2166 Martini
256 2103 371 2170 meritis
383 2102 449 2164 luce
462 2123 597 2184 perenne
612 2102 684 2162 dies.

76 2198 141 2280 Qui
155 2198 248 2257 modo
261 2197 298 2256 de
312 2195 411 2258 Gallis
423 2209 521 2257 totum
534 2197 611 2257 mire
625 2206 751 2275 occupat
763 2194 889 2272 orbem,

115 2291 159 2352 Et
171 2291 264 2351 virtus
275 2291 373 2374 pergit
385 2309 445 2369 quo
460 2291 537 2372 pede
550 2310 642 2351 nemo
655 2288 742 2352 valet.

78 2383 143 2465 Qui
154 2382 235 2444 velut
244 2383 302 2443 alta
316 2383 424 2464 pharus
438 2384 540 2445 lumen
553 2382 704 2464 pertendit
716 2383 754 2442 ad
767 2379 875 2456 Indos,

119 2476 225 2556 Quem
240 2473 413 2557 Hispanus,
428 2475 553 2552 Morus,
569 2475 677 2549 Persa,
695 2473 859 2536 Britannus
871 2486 961 2535 amat.

78 2569 175 2631 Hunc
188 2569 305 2646 oriens,
318 2591 438 2632 occasus
450 2571 556 2644 hahet,
571 2570 651 2630 hunc
664 2567 784 2643 Africa,
799 2567 960 2644 etArctos‚

121 2662 250 2723 Martini
264 2665 352 2726 decus
365 2677 408 2725 cst
421 2686 485 2743 quae
498 2663 565 2725 ioca
578 2663 706 2730 muudus
719 2661 818 2725 habet.

83 2755 207 2838 Quique
220 2776 275 2836 per
288 2757 394 2818 oceani
407 2756 545 2818 discurrit
557 2753 700 2837 marginis
712 2756 823 2830 undas,

125 2847 279 2911 Omnibus
292 2863 324 2912 ut
335 2861 453 2931 praestet
466 2849 571 2912 circuit
584 2849 666 2911 orbis
677 2849 745 2912 iter.

84 2942 147 3005 Per
159 2944 292 3008 cinerem
305 2944 482 3018 ascendens,
497 2963 552 3023 per
565 2944 638 3005 dura
650 2941 749 3003 cilicia
761 2939 868 3015 coelos,

128 3033 193 3097 Stat
203 3037 296 3099 modo
309 3047 473 3118 gemmatus
487 3056 601 3116 pauper
613 3035 644 3094 in
657 3033 732 3096 orbe
745 3033 835 3114 prius.

87 3125 161 3206 Quo
174 3129 411 3212 patriarcharum
424 3129 512 3192 decus
523 3141 584 3208 est,
603 3127 778 3206 radiantque
791 3124 965 3208 prophetae,¹
1066 3141 1067 3146 ’
