<?xml version="1.0" encoding="UTF-8"?>
<!DOCTYPE html PUBLIC "-//W3C//DTD XHTML 1.0 Transitional//EN"
    "http://www.w3.org/TR/xhtml1/DTD/xhtml1-transitional.dtd">
<html xmlns="http://www.w3.org/1999/xhtml" xml:lang="en" lang="en">
 <head>
  <title>
</title>
<meta http-equiv="Content-Type" content="text/html;charset=utf-8" />
  <meta name='ocr-system' content='tesseract 3.04.00' />
  <meta name='ocr-capabilities' content='ocr_page ocr_carea ocr_par ocr_line ocrx_word'/>
</head>
<body>
  <div class='ocr_page' id='page_1' title='image "./venantiihonorii00unkngoog_0170.png"; bbox 0 0 2230 3838; ppageno 0'>
   <div class='ocr_carea' id='block_1_1' title="bbox 162 305 785 382">
    <p class='ocr_par' dir='ltr' id='par_1_1' title="bbox 162 305 785 382">
     <span class='ocr_line' id='line_1_1' title="bbox 162 305 785 382; baseline 0.003 -13"><span class='ocrx_word' id='word_1_1' title='bbox 162 305 221 382; x_wconf 69' lang='lat'><strong>154</strong></span> <span class='ocrx_word' id='word_1_2' title='bbox 413 313 447 370; x_wconf 80' lang='lat' dir='ltr'><strong>u.</strong></span> <span class='ocrx_word' id='word_1_3' title='bbox 472 319 505 371; x_wconf 82' lang='lat' dir='ltr'><strong>u.</strong></span> <span class='ocrx_word' id='word_1_4' title='bbox 531 314 785 373; x_wconf 68' lang='lat' dir='ltr'><strong>contuntur</strong></span> 
     </span>
    </p>
   </div>
   <div class='ocr_carea' id='block_1_2' title="bbox 156 412 986 1526">
    <p class='ocr_par' dir='ltr' id='par_1_2' title="bbox 158 412 913 588">
     <span class='ocr_line' id='line_1_2' title="bbox 158 412 913 495; baseline -0.001 -19"><span class='ocrx_word' id='word_1_5' title='bbox 158 414 223 478; x_wconf 89' lang='lat' dir='ltr'><strong>Hic</strong></span> <span class='ocrx_word' id='word_1_6' title='bbox 233 412 323 475; x_wconf 87' lang='lat' dir='ltr'><strong>habet</strong></span> <span class='ocrx_word' id='word_1_7' title='bbox 336 412 403 474; x_wconf 85' lang='lat' dir='ltr'><strong>exul</strong></span> <span class='ocrx_word' id='word_1_8' title='bbox 414 433 523 493; x_wconf 88' lang='lat' dir='ltr'><strong>opem,</strong></span> <span class='ocrx_word' id='word_1_9' title='bbox 537 414 671 495; x_wconf 85' lang='lat' dir='ltr'><strong>jejunans</strong></span> <span class='ocrx_word' id='word_1_10' title='bbox 684 413 798 475; x_wconf 85' lang='lat' dir='ltr'><strong>invenit</strong></span> <span class='ocrx_word' id='word_1_11' title='bbox 811 431 913 478; x_wconf 82' lang='lat' dir='ltr'><strong>escas:</strong></span> 
     </span>
     <span class='ocr_line' id='line_1_3' title="bbox 201 506 804 588; baseline 0 -20"><span class='ocrx_word' id='word_1_12' title='bbox 201 506 267 588; x_wconf 88' lang='lat' dir='ltr'><strong>Qui</strong></span> <span class='ocrx_word' id='word_1_13' title='bbox 281 507 362 570; x_wconf 86' lang='lat' dir='ltr'><strong>venit</strong></span> <span class='ocrx_word' id='word_1_14' title='bbox 375 506 524 582; x_wconf 91' lang='lat' dir='ltr'><strong>esuriens,</strong></span> <span class='ocrx_word' id='word_1_15' title='bbox 539 507 588 569; x_wconf 90' lang='lat' dir='ltr'><strong>hic</strong></span> <span class='ocrx_word' id='word_1_16' title='bbox 601 508 721 568; x_wconf 86' lang='lat' dir='ltr'><strong>satiatus</strong></span> <span class='ocrx_word' id='word_1_17' title='bbox 733 508 804 569; x_wconf 88' lang='lat' dir='ltr'><strong>abit.</strong></span> 
     </span>
    </p>

    <p class='ocr_par' dir='ltr' id='par_1_3' title="bbox 156 601 884 757">
     <span class='ocr_line' id='line_1_4' title="bbox 156 601 884 684; baseline 0 -20"><span class='ocrx_word' id='word_1_18' title='bbox 156 601 307 664; x_wconf 83' lang='lat' dir='ltr'><strong>Tristibus</strong></span> <span class='ocrx_word' id='word_1_19' title='bbox 321 601 454 682; x_wconf 88' lang='lat' dir='ltr'>imponis</span> <span class='ocrx_word' id='word_1_20' title='bbox 467 620 550 663; x_wconf 89' lang='lat' dir='ltr'><strong>ouras</strong></span> <span class='ocrx_word' id='word_1_21' title='bbox 564 602 716 684; x_wconf 90' lang='lat' dir='ltr'><strong>purganda</strong></span> <span class='ocrx_word' id='word_1_22' title='bbox 731 601 884 682; x_wconf 83' lang='lat' dir='ltr'><strong>querelas,</strong></span> 
     </span>
     <span class='ocr_line' id='line_1_5' title="bbox 199 694 774 757; baseline 0.002 -1"><span class='ocrx_word' id='word_1_23' title='bbox 199 694 241 756; x_wconf 87' lang='lat' dir='ltr'><strong>Et</strong></span> <span class='ocrx_word' id='word_1_24' title='bbox 252 708 335 756; x_wconf 86' lang='lat' dir='ltr'><strong>sanat</strong></span> <span class='ocrx_word' id='word_1_25' title='bbox 347 707 469 757; x_wconf 89' lang='lat' dir='ltr'><strong>cunctos</strong></span> <span class='ocrx_word' id='word_1_26' title='bbox 480 713 540 755; x_wconf 93' lang='lat' dir='ltr'><strong>una</strong></span> <span class='ocrx_word' id='word_1_27' title='bbox 553 695 672 755; x_wconf 88' lang='lat' dir='ltr'><strong>medela</strong></span> <span class='ocrx_word' id='word_1_28' title='bbox 684 696 774 757; x_wconf 88' lang='lat' dir='ltr'><strong>viros.</strong></span> 
     </span>
    </p>

    <p class='ocr_par' dir='ltr' id='par_1_4' title="bbox 157 787 986 966">
     <span class='ocr_line' id='line_1_6' title="bbox 157 787 986 873; baseline 0.002 -22"><span class='ocrx_word' id='word_1_29' title='bbox 157 787 304 871; x_wconf 81' lang='lat' dir='ltr'><strong>Pauperis</strong></span> <span class='ocrx_word' id='word_1_30' title='bbox 317 789 388 851; x_wconf 88' lang='lat' dir='ltr'><strong>hinc</strong></span> <span class='ocrx_word' id='word_1_31' title='bbox 399 787 546 872; x_wconf 80' lang='lat' dir='ltr'><strong>lacrymas</strong></span> <span class='ocrx_word' id='word_1_32' title='bbox 559 789 689 850; x_wconf 84' lang='lat' dir='ltr'><strong>desiccas</strong></span> <span class='ocrx_word' id='word_1_33' title='bbox 701 789 806 873; x_wconf 87' lang='lat' dir='ltr'><strong>gaudia</strong></span> <span class='ocrx_word' id='word_1_34' title='bbox 819 801 986 871; x_wconf 78' lang='lat' dir='ltr'><strong>praestans,</strong></span> 
     </span>
     <span class='ocr_line' id='line_1_7' title="bbox 199 881 847 966; baseline 0 -22"><span class='ocrx_word' id='word_1_35' title='bbox 199 881 266 964; x_wconf 87' lang='lat' dir='ltr'><strong>Qui</strong></span> <span class='ocrx_word' id='word_1_36' title='bbox 277 883 361 966; x_wconf 91' lang='lat' dir='ltr'><strong>prius</strong></span> <span class='ocrx_word' id='word_1_37' title='bbox 374 882 537 964; x_wconf 85' lang='lat' dir='ltr'><strong>ingemuit,</strong></span> <span class='ocrx_word' id='word_1_38' title='bbox 551 895 621 944; x_wconf 81' lang='lat' dir='ltr'><strong>vota</strong></span> <span class='ocrx_word' id='word_1_39' title='bbox 634 883 735 944; x_wconf 86' lang='lat' dir='ltr'><strong>salutis</strong></span> <span class='ocrx_word' id='word_1_40' title='bbox 747 883 847 944; x_wconf 90' lang='lat' dir='ltr'><strong>babet.</strong></span> 
     </span>
    </p>

    <p class='ocr_par' dir='ltr' id='par_1_5' title="bbox 156 976 984 1153">
     <span class='ocr_line' id='line_1_8' title="bbox 156 976 984 1062; baseline 0.004 -25"><span class='ocrx_word' id='word_1_41' title='bbox 156 976 204 1039; x_wconf 89' lang='lat' dir='ltr'><strong>Te</strong></span> <span class='ocrx_word' id='word_1_42' title='bbox 213 989 353 1060; x_wconf 88' lang='lat' dir='ltr'><strong>pascente</strong></span> <span class='ocrx_word' id='word_1_43' title='bbox 365 997 467 1058; x_wconf 83' lang='lat' dir='ltr'><strong>greges</strong></span> <span class='ocrx_word' id='word_1_44' title='bbox 480 995 633 1057; x_wconf 89' lang='lat' dir='ltr'><strong>nunquam</strong></span> <span class='ocrx_word' id='word_1_45' title='bbox 647 976 734 1057; x_wconf 88' lang='lat' dir='ltr'><strong>lupus</strong></span> <span class='ocrx_word' id='word_1_46' title='bbox 746 977 859 1058; x_wconf 88' lang='lat' dir='ltr'><strong>abripit</strong></span> <span class='ocrx_word' id='word_1_47' title='bbox 872 997 984 1062; x_wconf 74' lang='lat' dir='ltr'><strong>agnoS,</strong></span> 
     </span>
     <span class='ocr_line' id='line_1_9' title="bbox 201 1069 836 1153; baseline -0.002 -21"><span class='ocrx_word' id='word_1_48' title='bbox 201 1069 278 1132; x_wconf 88' lang='lat' dir='ltr'><strong>Sunt</strong></span> <span class='ocrx_word' id='word_1_49' title='bbox 290 1070 368 1131; x_wconf 92' lang='lat' dir='ltr'><strong>bene</strong></span> <span class='ocrx_word' id='word_1_50' title='bbox 379 1069 494 1144; x_wconf 89' lang='lat' dir='ltr'><strong>securi,</strong></span> <span class='ocrx_word' id='word_1_51' title='bbox 507 1090 582 1149; x_wconf 89' lang='lat' dir='ltr'><strong>quos</strong></span> <span class='ocrx_word' id='word_1_52' title='bbox 596 1083 646 1130; x_wconf 88' lang='lat' dir='ltr'><strong>tua</strong></span> <span class='ocrx_word' id='word_1_53' title='bbox 658 1069 743 1132; x_wconf 91' lang='lat' dir='ltr'><strong>caula</strong></span> <span class='ocrx_word' id='word_1_54' title='bbox 755 1071 836 1153; x_wconf 89' lang='lat' dir='ltr'><strong>tegit.</strong></span> 
     </span>
    </p>

    <p class='ocr_par' dir='ltr' id='par_1_6' title="bbox 156 1161 974 1337">
     <span class='ocr_line' id='line_1_10' title="bbox 156 1161 974 1246; baseline 0.001 -20"><span class='ocrx_word' id='word_1_55' title='bbox 156 1163 288 1246; x_wconf 83' lang='lat' dir='ltr'><strong>Templa</strong></span> <span class='ocrx_word' id='word_1_56' title='bbox 300 1175 414 1226; x_wconf 88' lang='lat' dir='ltr'><strong>vetusta</strong></span> <span class='ocrx_word' id='word_1_57' title='bbox 425 1161 488 1224; x_wconf 87' lang='lat' dir='ltr'><strong>Dei</strong></span> <span class='ocrx_word' id='word_1_58' title='bbox 502 1163 648 1226; x_wconf 79' lang='lat' dir='ltr'><strong>revocasti</strong></span> <span class='ocrx_word' id='word_1_59' title='bbox 661 1164 693 1224; x_wconf 90' lang='lat' dir='ltr'><strong>in</strong></span> <span class='ocrx_word' id='word_1_60' title='bbox 705 1163 838 1226; x_wconf 87' lang='lat' dir='ltr'><strong>culmine</strong></span> <span class='ocrx_word' id='word_1_61' title='bbox 852 1163 974 1245; x_wconf 87' lang='lat' dir='ltr'><strong>prisco,</strong></span> 
     </span>
     <span class='ocr_line' id='line_1_11' title="bbox 198 1256 798 1337; baseline -0.002 -17"><span class='ocrx_word' id='word_1_62' title='bbox 198 1257 240 1320; x_wconf 91' lang='lat' dir='ltr'><strong>Et</strong></span> <span class='ocrx_word' id='word_1_63' title='bbox 253 1257 341 1319; x_wconf 84' lang='lat' dir='ltr'><strong>lloret</strong></span> <span class='ocrx_word' id='word_1_64' title='bbox 351 1256 453 1317; x_wconf 91' lang='lat' dir='ltr'><strong>senior</strong></span> <span class='ocrx_word' id='word_1_65' title='bbox 467 1269 496 1318; x_wconf 91' lang='lat' dir='ltr'><strong>te</strong></span> <span class='ocrx_word' id='word_1_66' title='bbox 509 1269 667 1337; x_wconf 86' lang='lat' dir='ltr'><strong>reparante</strong></span> <span class='ocrx_word' id='word_1_67' title='bbox 681 1259 798 1319; x_wconf 90' lang='lat' dir='ltr'><strong>domus.</strong></span> 
     </span>
    </p>

    <p class='ocr_par' dir='ltr' id='par_1_7' title="bbox 157 1350 939 1526">
     <span class='ocr_line' id='line_1_12' title="bbox 157 1350 939 1434; baseline -0.001 -20"><span class='ocrx_word' id='word_1_68' title='bbox 157 1352 223 1415; x_wconf 90' lang='lat' dir='ltr'><strong>Hic</strong></span> <span class='ocrx_word' id='word_1_69' title='bbox 235 1351 356 1434; x_wconf 90' lang='lat' dir='ltr'><strong>populis</strong></span> <span class='ocrx_word' id='word_1_70' title='bbox 369 1350 475 1434; x_wconf 87' lang='lat' dir='ltr'><strong>longos</strong></span> <span class='ocrx_word' id='word_1_71' title='bbox 488 1351 601 1410; x_wconf 88' lang='lat' dir='ltr'><strong>tribuas</strong></span> <span class='ocrx_word' id='word_1_72' title='bbox 614 1351 665 1431; x_wconf 94' lang='lat' dir='ltr'><strong>pia</strong></span> <span class='ocrx_word' id='word_1_73' title='bbox 678 1364 748 1412; x_wconf 86' lang='lat' dir='ltr'><strong>vota</strong></span> <span class='ocrx_word' id='word_1_74' title='bbox 760 1373 817 1433; x_wconf 87' lang='lat' dir='ltr'><strong>per</strong></span> <span class='ocrx_word' id='word_1_75' title='bbox 826 1369 939 1429; x_wconf 85' lang='lat' dir='ltr'><strong>annos,</strong></span> 
     </span>
     <span class='ocr_line' id='line_1_13' title="bbox 199 1444 830 1526; baseline -0.002 -18"><span class='ocrx_word' id='word_1_76' title='bbox 199 1444 244 1508; x_wconf 91' lang='lat' dir='ltr'><strong>Et</strong></span> <span class='ocrx_word' id='word_1_77' title='bbox 255 1465 376 1507; x_wconf 85' lang='lat' dir='ltr'><strong>maneas</strong></span> <span class='ocrx_word' id='word_1_78' title='bbox 387 1457 505 1526; x_wconf 89' lang='lat' dir='ltr'><strong>pastor,</strong></span> <span class='ocrx_word' id='word_1_79' title='bbox 520 1465 558 1506; x_wconf 91' lang='lat' dir='ltr'><strong>ne</strong></span> <span class='ocrx_word' id='word_1_80' title='bbox 569 1444 739 1508; x_wconf 88' lang='lat' dir='ltr'><strong>lacerentur</strong></span> <span class='ocrx_word' id='word_1_81' title='bbox 750 1465 830 1510; x_wconf 82' lang='lat' dir='ltr'><strong>oves.</strong></span> 
     </span>
    </p>
   </div>
   <div class='ocr_carea' id='block_1_3' title="bbox 264 1610 930 1744">
    <p class='ocr_par' dir='ltr' id='par_1_8' title="bbox 264 1610 930 1744">
     <span class='ocr_line' id='line_1_14' title="bbox 264 1610 930 1672; baseline -0.003 -6"><span class='ocrx_word' id='word_1_82' title='bbox 264 1615 300 1666; x_wconf 82' lang='lat' dir='ltr'><strong>X.</strong></span> <span class='ocrx_word' id='word_1_83' title='bbox 319 1612 368 1662; x_wconf 88' lang='grc' dir='ltr'><strong>ΑΙ)</strong></span> <span class='ocrx_word' id='word_1_84' title='bbox 385 1611 497 1664; x_wconf 86' lang='lat' dir='ltr'><strong>IPSUM</strong></span> <span class='ocrx_word' id='word_1_85' title='bbox 513 1611 705 1672; x_wconf 73' lang='lat' dir='ltr'><strong>tuomum,</strong></span> <span class='ocrx_word' id='word_1_86' title='bbox 722 1611 772 1664; x_wconf 90' lang='lat' dir='ltr'><strong>DE</strong></span> <span class='ocrx_word' id='word_1_87' title='bbox 790 1610 930 1666; x_wconf 72' lang='lat' dir='ltr'><strong>castno</strong></span> 
     </span>
     <span class='ocr_line' id='line_1_15' title="bbox 331 1703 865 1744; baseline -0.006 -2"><span class='ocrx_word' id='word_1_88' title='bbox 331 1703 439 1742; x_wconf 77' lang='lat' dir='ltr'><strong>surra</strong></span> <span class='ocrx_word' id='word_1_89' title='bbox 456 1703 609 1743; x_wconf 75' lang='lat' dir='ltr'><strong>nusum</strong></span> <span class='ocrx_word' id='word_1_90' title='bbox 630 1704 757 1744; x_wconf 79' lang='lat' dir='ltr'><strong>rnuvro</strong></span> <span class='ocrx_word' id='word_1_91' title='bbox 780 1703 865 1744; x_wconf 82' lang='lat' dir='ltr'><strong>s1ro.</strong></span> 
     </span>
    </p>
   </div>
   <div class='ocr_carea' id='block_1_4' title="bbox 159 1805 889 1910">
    <p class='ocr_par' dir='ltr' id='par_1_9' title="bbox 159 1805 889 1910">
     <span class='ocr_line' id='line_1_16' title="bbox 159 1805 889 1910; baseline -0.011 -18"><span class='ocrx_word' id='word_1_92' title='bbox 159 1805 265 1892; x_wconf 79' lang='lat' dir='ltr'><strong>Mons</strong></span> <span class='ocrx_word' id='word_1_93' title='bbox 277 1827 308 1887; x_wconf 91' lang='lat' dir='ltr'><strong>in</strong></span> <span class='ocrx_word' id='word_1_94' title='bbox 323 1827 472 1910; x_wconf 80' lang='lat' dir='ltr'><strong>praecipiti</strong></span> <span class='ocrx_word' id='word_1_95' title='bbox 486 1845 629 1910; x_wconf 90' lang='lat' dir='ltr'><strong>suspensa</strong></span> <span class='ocrx_word' id='word_1_96' title='bbox 639 1823 722 1888; x_wconf 89' lang='lat' dir='ltr'><strong>mole</strong></span> <span class='ocrx_word' id='word_1_97' title='bbox 733 1822 889 1899; x_wconf 87' lang='lat' dir='ltr'><strong>tumescit,</strong></span> 
     </span>
    </p>
   </div>
   <div class='ocr_carea' id='block_1_5' title="bbox 74 1918 1056 3227">
    <p class='ocr_par' dir='ltr' id='par_1_10' title="bbox 74 1918 1056 3227">
     <span class='ocr_line' id='line_1_17' title="bbox 201 1918 784 2002; baseline -0.002 -22"><span class='ocrx_word' id='word_1_98' title='bbox 201 1918 244 1980; x_wconf 85' lang='lat' dir='ltr'><strong>Et</strong></span> <span class='ocrx_word' id='word_1_99' title='bbox 258 1919 336 1982; x_wconf 83' lang='lat' dir='ltr'><strong>levat</strong></span> <span class='ocrx_word' id='word_1_100' title='bbox 349 1921 498 1983; x_wconf 83' lang='lat' dir='ltr'><strong>excelsum</strong></span> <span class='ocrx_word' id='word_1_101' title='bbox 511 1941 596 1982; x_wconf 85' lang='lat' dir='ltr'><strong>saxea</strong></span> <span class='ocrx_word' id='word_1_102' title='bbox 608 1921 676 2002; x_wconf 92' lang='lat' dir='ltr'><strong>ripa</strong></span> <span class='ocrx_word' id='word_1_103' title='bbox 686 1929 784 2001; x_wconf 80' lang='lat' dir='ltr'><strong>caput.</strong></span> 
     </span>
     <span class='ocr_line' id='line_1_18' title="bbox 158 2010 866 2097; baseline -0.003 -22"><span class='ocrx_word' id='word_1_104' title='bbox 158 2011 301 2095; x_wconf 87' lang='lat' dir='ltr'><strong>Rupibus</strong></span> <span class='ocrx_word' id='word_1_105' title='bbox 314 2014 454 2097; x_wconf 89' lang='lat' dir='ltr'><strong>expositis</strong></span> <span class='ocrx_word' id='word_1_106' title='bbox 467 2015 587 2078; x_wconf 87' lang='lat' dir='ltr'><strong>intonsa</strong></span> <span class='ocrx_word' id='word_1_107' title='bbox 600 2014 756 2077; x_wconf 86' lang='lat' dir='ltr'><strong>cacumina</strong></span> <span class='ocrx_word' id='word_1_108' title='bbox 767 2010 866 2088; x_wconf 91' lang='lat' dir='ltr'><strong>tollit,</strong></span> 
     </span>
     <span class='ocr_line' id='line_1_19' title="bbox 200 2106 767 2192; baseline 0.002 -25"><span class='ocrx_word' id='word_1_109' title='bbox 200 2106 297 2170; x_wconf 87' lang='lat' dir='ltr'><strong>Totus</strong></span> <span class='ocrx_word' id='word_1_110' title='bbox 308 2122 338 2171; x_wconf 91' lang='lat' dir='ltr'><strong>et</strong></span> <span class='ocrx_word' id='word_1_111' title='bbox 350 2109 429 2171; x_wconf 91' lang='lat' dir='ltr'><strong>clato</strong></span> <span class='ocrx_word' id='word_1_112' title='bbox 441 2110 554 2172; x_wconf 85' lang='lat' dir='ltr'><strong>vertice</strong></span> <span class='ocrx_word' id='word_1_113' title='bbox 567 2121 670 2192; x_wconf 91' lang='lat' dir='ltr'><strong>regnat</strong></span> <span class='ocrx_word' id='word_1_114' title='bbox 682 2128 767 2190; x_wconf 83' lang='lat' dir='ltr'><strong>apex.</strong></span> 
     </span>
     <span class='ocr_line' id='line_1_20' title="bbox 159 2198 903 2283; baseline -0.004 -21"><span class='ocrx_word' id='word_1_115' title='bbox 159 2198 328 2265; x_wconf 88' lang='lat' dir='ltr'><strong>Proficiunt</strong></span> <span class='ocrx_word' id='word_1_116' title='bbox 341 2203 427 2279; x_wconf 91' lang='lat' dir='ltr'><strong>colli,</strong></span> <span class='ocrx_word' id='word_1_117' title='bbox 442 2225 508 2283; x_wconf 83' lang='lat' dir='ltr'><strong>quae</strong></span> <span class='ocrx_word' id='word_1_118' title='bbox 521 2202 648 2265; x_wconf 84' lang='lat' dir='ltr'><strong>vallibus</strong></span> <span class='ocrx_word' id='word_1_119' title='bbox 659 2222 729 2264; x_wconf 86' lang='lat' dir='ltr'><strong>arva</strong></span> <span class='ocrx_word' id='word_1_120' title='bbox 740 2200 903 2276; x_wconf 76' lang='lat' dir='ltr'><strong>recedunt,</strong></span> 
     </span>
     <span class='ocr_line' id='line_1_21' title="bbox 201 2292 875 2380; baseline -0.006 -24"><span class='ocrx_word' id='word_1_121' title='bbox 201 2294 347 2377; x_wconf 86' lang='lat' dir='ltr'><strong>Undique</strong></span> <span class='ocrx_word' id='word_1_122' title='bbox 361 2310 441 2359; x_wconf 87' lang='lat' dir='ltr'><strong>terra</strong></span> <span class='ocrx_word' id='word_1_123' title='bbox 454 2298 557 2359; x_wconf 91' lang='lat' dir='ltr'><strong>minor</strong></span> <span class='ocrx_word' id='word_1_124' title='bbox 569 2297 664 2380; x_wconf 82' lang='lat' dir='ltr'><strong>vergit</strong></span> <span class='ocrx_word' id='word_1_125' title='bbox 676 2309 706 2357; x_wconf 91' lang='lat' dir='ltr'><strong>et</strong></span> <span class='ocrx_word' id='word_1_126' title='bbox 718 2295 774 2356; x_wconf 91' lang='lat' dir='ltr'><strong>iste</strong></span> <span class='ocrx_word' id='word_1_127' title='bbox 786 2292 875 2354; x_wconf 87' lang='lat' dir='ltr'><strong>subit.</strong></span> 
     </span>
     <span class='ocr_line' id='line_1_22' title="bbox 74 2384 1056 2478; baseline -0.003 -26"><span class='ocrx_word' id='word_1_128' title='bbox 74 2474 76 2478; x_wconf 18' lang='grc' dir='ltr'>Ι</span> <span class='ocrx_word' id='word_1_129' title='bbox 159 2387 266 2474; x_wconf 70' lang='grc' dir='ltr'>Ωιιεω</span> <span class='ocrx_word' id='word_1_130' title='bbox 283 2389 415 2452; x_wconf 81' lang='lat' dir='ltr'><strong>lllusella</strong></span> <span class='ocrx_word' id='word_1_131' title='bbox 430 2404 567 2468; x_wconf 89' lang='lat' dir='ltr'><strong>tumens,</strong></span> <span class='ocrx_word' id='word_1_132' title='bbox 588 2388 754 2452; x_wconf 81' lang='lat' dir='ltr'><strong>Rhodanus</strong></span> <span class='ocrx_word' id='word_1_133' title='bbox 771 2405 891 2469; x_wconf 88' lang='lat' dir='ltr'><strong>quoque</strong></span> <span class='ocrx_word' id='word_1_134' title='bbox 906 2384 1056 2468; x_wconf 76' lang='lat' dir='ltr'><strong>parvulus</strong></span> 
     </span>
     <span class='ocr_line' id='line_1_23' title="bbox 326 2486 440 2560; baseline 0.009 -16"><span class='ocrx_word' id='word_1_135' title='bbox 326 2486 440 2560; x_wconf 89' lang='lat' dir='ltr'><strong>ambit,</strong></span> 
     </span>
     <span class='ocr_line' id='line_1_24' title="bbox 203 2573 868 2661; baseline -0.008 -22"><span class='ocrx_word' id='word_1_136' title='bbox 203 2573 447 2658; x_wconf 89' lang='lat' dir='ltr'><strong>Concertantque</strong></span> <span class='ocrx_word' id='word_1_137' title='bbox 458 2599 512 2640; x_wconf 88' lang='lat' dir='ltr'><strong>suo</strong></span> <span class='ocrx_word' id='word_1_138' title='bbox 526 2597 649 2661; x_wconf 87' lang='lat' dir='ltr'><strong>pascere</strong></span> <span class='ocrx_word' id='word_1_139' title='bbox 662 2575 744 2657; x_wconf 88' lang='lat' dir='ltr'><strong>pisce</strong></span> <span class='ocrx_word' id='word_1_140' title='bbox 756 2574 868 2637; x_wconf 88' lang='lat' dir='ltr'><strong>locum.</strong></span> 
     </span>
     <span class='ocr_line' id='line_1_25' title="bbox 159 2670 867 2756; baseline -0.004 -25"><span class='ocrx_word' id='word_1_141' title='bbox 159 2670 321 2751; x_wconf 89' lang='lat' dir='ltr'><strong>Diripiunt</strong></span> <span class='ocrx_word' id='word_1_142' title='bbox 334 2672 434 2734; x_wconf 89' lang='lat' dir='ltr'><strong>dulces</strong></span> <span class='ocrx_word' id='word_1_143' title='bbox 447 2673 519 2734; x_wconf 93' lang='lat' dir='ltr'><strong>alibi</strong></span> <span class='ocrx_word' id='word_1_144' title='bbox 532 2692 604 2756; x_wconf 89' lang='lat' dir='ltr'><strong>vaga</strong></span> <span class='ocrx_word' id='word_1_145' title='bbox 615 2670 740 2732; x_wconf 85' lang='lat' dir='ltr'><strong>llumina</strong></span> <span class='ocrx_word' id='word_1_146' title='bbox 752 2670 867 2752; x_wconf 78' lang='lat' dir='ltr'><strong>fruges,</strong></span> 
     </span>
     <span class='ocr_line' id='line_1_26' title="bbox 204 2763 835 2847; baseline -0.003 -23"><span class='ocrx_word' id='word_1_147' title='bbox 204 2763 280 2825; x_wconf 88' lang='lat' dir='ltr'><strong>Haec</strong></span> <span class='ocrx_word' id='word_1_148' title='bbox 293 2765 349 2826; x_wconf 92' lang='lat' dir='ltr'><strong>tibi</strong></span> <span class='ocrx_word' id='word_1_149' title='bbox 361 2768 531 2847; x_wconf 89' lang='lat' dir='ltr'><strong>parturiunt</strong></span> <span class='ocrx_word' id='word_1_150' title='bbox 545 2764 721 2827; x_wconf 77' lang='lat' dir='ltr'><strong>Mediolano</strong></span> <span class='ocrx_word' id='word_1_151' title='bbox 734 2765 835 2844; x_wconf 85' lang='lat' dir='ltr'><strong>dapes.</strong></span> 
     </span>
     <span class='ocr_line' id='line_1_27' title="bbox 163 2855 923 2942; baseline -0.007 -22"><span class='ocrx_word' id='word_1_152' title='bbox 163 2856 320 2938; x_wconf 82' lang='lat' dir='ltr'><strong>Quantum</strong></span> <span class='ocrx_word' id='word_1_153' title='bbox 333 2861 440 2923; x_wconf 90' lang='lat' dir='ltr'><strong>crescit</strong></span> <span class='ocrx_word' id='word_1_154' title='bbox 453 2863 553 2942; x_wconf 89' lang='lat' dir='ltr'><strong>aquis,</strong></span> <span class='ocrx_word' id='word_1_155' title='bbox 568 2860 666 2942; x_wconf 89' lang='lat' dir='ltr'><strong>pisces</strong></span> <span class='ocrx_word' id='word_1_156' title='bbox 675 2857 802 2921; x_wconf 86' lang='lat' dir='ltr'><strong>vicinius</strong></span> <span class='ocrx_word' id='word_1_157' title='bbox 816 2855 923 2932; x_wconf 82' lang='lat' dir='ltr'><strong>offert,</strong></span> 
     </span>
     <span class='ocr_line' id='line_1_28' title="bbox 204 2950 854 3036; baseline -0.002 -24"><span class='ocrx_word' id='word_1_158' title='bbox 204 2950 334 3014; x_wconf 86' lang='lat' dir='ltr'><strong>Exhibet</strong></span> <span class='ocrx_word' id='word_1_159' title='bbox 345 2954 415 3017; x_wconf 88' lang='lat' dir='ltr'><strong>hinc</strong></span> <span class='ocrx_word' id='word_1_160' title='bbox 427 2955 546 3036; x_wconf 80' lang='lat' dir='ltr'><strong>epulas,</strong></span> <span class='ocrx_word' id='word_1_161' title='bbox 561 2955 631 3014; x_wconf 87' lang='lat' dir='ltr'><strong>inde</strong></span> <span class='ocrx_word' id='word_1_162' title='bbox 645 2953 751 3034; x_wconf 90' lang='lat' dir='ltr'><strong>rapina</strong></span> <span class='ocrx_word' id='word_1_163' title='bbox 763 2950 854 3013; x_wconf 83' lang='lat' dir='ltr'><strong>venit.</strong></span> 
     </span>
     <span class='ocr_line' id='line_1_29' title="bbox 165 3043 879 3132; baseline -0.006 -22"><span class='ocrx_word' id='word_1_164' title='bbox 165 3043 272 3110; x_wconf 90' lang='lat' dir='ltr'><strong>Cernit</strong></span> <span class='ocrx_word' id='word_1_165' title='bbox 285 3048 441 3132; x_wconf 86' lang='lat' dir='ltr'><strong>lrugileros</strong></span> <span class='ocrx_word' id='word_1_166' title='bbox 455 3050 642 3132; x_wconf 90' lang='lat' dir='ltr'><strong>congaudens</strong></span> <span class='ocrx_word' id='word_1_167' title='bbox 655 3045 754 3108; x_wconf 88' lang='lat' dir='ltr'><strong>incola</strong></span> <span class='ocrx_word' id='word_1_168' title='bbox 764 3043 879 3120; x_wconf 88' lang='lat' dir='ltr'><strong>sulcos,</strong></span> 
     </span>
     <span class='ocr_line' id='line_1_30' title="bbox 204 3139 769 3227; baseline 0 -26"><span class='ocrx_word' id='word_1_169' title='bbox 204 3139 288 3211; x_wconf 70' lang='lat' dir='ltr'><strong>Vota</strong></span> <span class='ocrx_word' id='word_1_170' title='bbox 301 3143 401 3205; x_wconf 79' lang='lat' dir='ltr'><strong>serens</strong></span> <span class='ocrx_word' id='word_1_171' title='bbox 412 3143 503 3227; x_wconf 83' lang='lat' dir='ltr'><strong>segeti</strong></span> <span class='ocrx_word' id='word_1_172' title='bbox 516 3141 667 3206; x_wconf 80' lang='lat' dir='ltr'><strong>fertilitate</strong></span> <span class='ocrx_word' id='word_1_173' title='bbox 677 3139 769 3225; x_wconf 81' lang='lat' dir='ltr'><strong>grati.</strong></span> 
     </span>
    </p>
   </div>
   <div class='ocr_carea' id='block_1_6' title="bbox 0 0 1123 3838">
    <p class='ocr_par' dir='ltr' id='par_1_11' title="bbox 0 0 1123 3838">
     <span class='ocr_line' id='line_1_31' title="bbox 0 0 1123 3838; baseline 0 0"><span class='ocrx_word' id='word_1_174' title='bbox 0 0 1123 3838; x_wconf 95' lang='lat' dir='ltr'><strong> </strong></span> 
     </span>
    </p>
   </div>
  </div>
 </body>
</html>
