2218 3862
250 379 490 435 nonnernn
511 383 637 438 ernnn
658 386 711 440 rx.
855 351 918 442 313

83 480 252 544 Distribuat
261 480 347 541 vobis
359 479 409 541 hie
420 500 538 558 quoque
552 480 628 541 mira
640 495 756 562 potens.

40 574 138 660 Cujus
151 589 299 660 gemmata
311 587 354 635 est
366 586 437 634 tune
448 575 566 634 dextera
577 575 639 635 visa
651 577 748 654 beati,

83 670 152 732 Vos
163 669 253 732 simul
265 681 294 729 et
307 681 419 730 vestros
431 680 567 750 protegat
579 667 631 728 illa
644 690 758 733 manus.

41 763 111 846 Qui
123 778 193 825 tunc
205 762 372 844 promeruit
385 780 524 823 revocare
539 762 680 825 cadavera
693 766 777 842 ritae,

87 857 151 920 Hic
164 878 282 937 quoque
293 875 349 936 pro
361 868 457 916 restra
470 856 548 915 dona
559 855 651 916 salute
663 857 746 919 ferat.

41 950 111 1033 Qui
125 971 263 1032 percusso
274 950 391 1009 homini
404 949 541 1009 abstraxit
554 951 592 1009 de
605 970 693 1012 carne
707 973 874 1034 venenum,

85 1044 187 1105 Noxia
200 1046 237 1105 de
251 1043 335 1104 robis
349 1044 413 1123 ipse
425 1062 539 1103 venena
552 1055 639 1104 vetet.

42 1137 113 1219 Qui
125 1137 271 1218 serpentis
283 1137 340 1196 iter
354 1137 425 1197 feeit
437 1156 578 1197 revocare
591 1149 774 1218 retrorsum,

86 1231 157 1312 lpse
170 1245 271 1312 graves
284 1249 366 1291 cesus
379 1229 450 1289 hine
463 1241 528 1312 agat
541 1229 586 1289 ire
598 1242 688 1290 retro.

43 1324 114 1406 Qui
126 1324 233 1385 virtute
247 1325 373 1384 domum
386 1321 497 1382 salvem
510 1323 591 1383 dedit
604 1344 666 1384 esse
679 1324 806 1404 fruenti,

90 1416 167 1479 Haec
177 1418 283 1477 domus
296 1415 456 1477 incolumis
465 1414 571 1476 floreat
583 1417 670 1499 hujus
683 1439 752 1500 ope.

47 1509 145 1592 Cujus
158 1510 261 1590 opima
274 1508 406 1592 chlamys
419 1510 652 1571 tremebundum
664 1513 735 1572 texit
747 1533 890 1598 egenum,

90 1602 166 1686 Ejus
180 1603 336 1683 apostolici
347 1623 400 1662 vos
412 1615 489 1685 tegat
501 1603 547 1662 ale
558 1603 626 1664 viri.

47 1697 118 1779 Qui
130 1697 230 1757 viduae·
239 1697 326 1756 matri
339 1697 489 1758 revocavit
503 1699 540 1758 ad
553 1697 646 1757 ubera
657 1697 779 1776 natum,

91 1790 163 1872 Ipse
176 1791 231 1852 tibi
241 1791 304 1852 haee
317 1791 427 1850 tribuat
439 1791 565 1873 pignora
577 1804 691 1867 mater,
706 1813 769 1853 ava.

44 1885 98 1948 Ut
112 1882 321 1947 Chiidebertus
334 1896 453 1944 maneat
465 1906 534 1946 eum
546 1885 633 1966 prole
646 1885 783 1962 novella,

90 1979 161 2039 Rex
170 1997 222 2038 sua
233 1997 322 2060 regna
335 1990 439 2038 tenens
452 1990 482 2038 et
494 1998 572 2039 nova
584 1998 675 2062 regna
688 1980 816 2043 trahens.

46 2073 102 2134 De
115 2072 213 2154 genita
226 2085 257 2131 ut
268 2072 368 2133 videas
377 2072 509 2153 genetrix
520 2084 551 2132 ut
564 2072 680 2134 dulcius
693 2079 799 2154 optes,¹

92 2165 202 2245 Deque
214 2186 292 2226 nuru
305 2185 374 2226 cara
387 2167 467 2244 quod
480 2178 530 2225 tua
542 2170 737 2247 vota'rogant.

49 2259 147 2320 Unde
158 2259 207 2320 hie
219 2257 320 2320 felices
331 2259 460 2320 habeant
472 2279 524 2319 sua
537 2259 609 2319 festa
623 2257 743 2336 fideles,

92 2351 137 2412 Et
150 2352 265 2412 domini
279 2351 383 2413 famuli
394 2353 456 2412 sitis
468 2352 593 2412 honoris
605 2372 689 2433 apex.

49 2448 160 2530 Quem
167 2447 222 2507 tibi
235 2447 301 2528 plus
312 2445 622 2508 libeatBruneehildis
632 2446 742 2507 habere
755 2459 929 2526 patronum,
954 2436 956 2440 ⁵

95 2540 230 2620 Quando
244 2542 368 2600 domum
383 2540 523 2600 dominus
535 2552 631 2600 servat
643 2539 675 2599 in
687 2539 761 2600 orbe
775 2540 850 2620 pius.

50 2635 109 2698 Sic
123 2654 241 2714 quoque
252 2647 280 2695 te
293 2634 422 2710 erudiat,
434 2646 533 2716 regat,
547 2646 575 2693 et
588 2633 631 2695 sic
644 2634 762 2695 tramite
774 2636 862 2699 ducat

93 2728 223 2792 Actibus
232 2729 298 2812 ipsa
309 2727 368 2811 piis
380 2740 413 2788 ut
424 2727 482 2789 sibi
494 2730 594 2809 juncta
604 2727 706 2790 mices.

313 2886 395 2938 xxl.
416 2884 471 2936 AD
492 2883 675 2936 EOSDEM.

52 2995 99 3080 St
115 3024 303 3095 praestaretur
315 3008 464 3092 praeconia
477 3011 609 3091 pandere
623 3030 742 3097 regern,

95 3107 173 3169 Non
187 3107 261 3167 mihi
272 3105 419 3166 sufficeret
432 3116 519 3166 noete
530 3104 637 3182 dieque
651 3102 743 3182 loqui.
775 3151 781 3163 .

52 3200 198 3284 Qualiter
208 3200 257 3262 bie
267 3197 397 3280 poputus
409 3198 602 3259 dominorum
612 3196 724 3276 pendet
736 3211 857 3270 amore,

781 3309 818 3369 27
