2218 3862
173 302 236 380 314
426 317 461 371 v.
485 316 520 370 u.
543 291 826 370 ronruuerr'

213 407 255 470 Et
266 408 371 472 vestris
384 408 478 472 oculis
491 409 606 470 lumina
618 408 673 469 fixa
685 422 779 472 tenet.

171 503 237 566 Vos
249 505 357 584 quibus
369 517 399 565 et
408 503 580 586 speculum,
599 516 630 564 et
641 503 708 580 lux,
723 517 754 564 ct
765 505 892 568 dulcedo
904 510 1045 588 manetis,

213 595 328 660 Carum
340 609 568 673 ornamentum,
583 596 629 656 his
641 596 732 658 simul
744 599 814 659 estis
826 599 934 661 bonos.

169 687 360 772 Praecipuum
371 692 485 752 donum
498 689 651 771 placidum
662 703 691 750 et
703 688 851 772 placabile
864 715 1014 778 regnum,

209 783 266 844 Est
278 797 375 845 vestro
386 784 419 844 in
431 796 507 844 statu
518 783 638 845 culmen
648 784 680 843 in
691 784 766 846 orbe
778 785 873 866 pium.

167 873 288 955 Hisque
300 877 454 958 parentela
467 889 496 937 et
508 876 605 957 patrie
615 889 643 936 et
655 876 748 937 tutela
760 893 916 958 coruscat,

211 968 275 1030 Hic
287 971 377 1033 decus
389 981 477 1050 atque
489 969 613 1051 gradus,
626 968 676 1029 hie
686 969 805 1049 pictatis
817 992 904 1053 opus.

167 1059 233 1124 Hic
242 1062 402 1143 tranquilla
415 1061 494 1136 dies,
503 1061 554 1122 hic
565 1082 632 1142 spes
643 1063 772 1143 jocunda
784 1064 885 1142 fideli,

208 1151 341 1237 Postque
353 1153 456 1215 Deum
469 1154 502 1218 in
514 1154 602 1222 vobis
614 1156 693 1216 dona
706 1157 807 1220 salutis
819 1159 948 1222 habent:

166 1245 232 1310 Hic
243 1269 298 1332 ego
310 1269 378 1318 curn
389 1247 504 1330 populo
515 1268 584 1310 mea
596 1259 665 1310 vota
676 1262 706 1310 et
715 1250 822 1332 gaudia
834 1253 946 1335 jungo,

210 1339 289 1421 Quae
302 1343 370 1424 pius
383 1341 569 1422 amplificans
582 1363 715 1405 crescere
729 1340 867 1412 Christus
880 1359 964 1435 aget.⁴

166 1431 292 1496 Praetet
305 1455 376 1497 cura
387 1433 451 1504 Dei
462 1454 516 1496 vos
528 1434 617 1518 longa
628 1438 659 1496 in
670 1437 740 1500 sede
753 1438 850 1514 tueri,

211 1527 334 1590 Coelesti
348 1549 382 1590 ac
395 1529 476 1588 dono
489 1548 579 1614 regna
590 1542 691 1590 tenere
702 1528 764 1589 diu.

164 1620 337 1700 'Aequiratis
348 1622 444 1682 adhuc
455 1641 548 1696 nova,
562 1621 611 1694 vel
621 1640 756 1703 possessa
766 1625 889 1707 regatis,

133 1785 136 1792 y
208 1712 257 1776 Ac
267 1715 318 1794 pie
327 1715 491 1794 participes
500 1715 552 1774 has
563 1714 686 1786 foveatis
700 1736 783 1797 opes.
810 1711 812 1716 ’

168 1805 216 1876 Ut
226 1807 283 1867 tibi
296 1827 361 1886 quoe
372 1804 462 1880 floret
475 1809 513 1874 de
526 1821 597 1868 nato
611 1821 641 1868 et
651 1809 786 1891 germine
800 1827 953 1889 messem,

209 1896 364 1972 Matonem
377 1899 477 1961 videns
488 1914 586 1962 mater
598 1901 713 1972 honore
727 1903 854 1984 micans,

168 1991 221 2056 sic
234 2006 268 2054 ut
282 2013 316 2054 er
328 1993 428 2084 genito
441 1994 606 2080 genitisque
619 1995 778 2075 nepotibus
790 1995 916 2077 amplis,

208 2087 315 2149 Altera
326 2081 484 2170 progenies
497 2088 609 2174 inclyta
622 2089 708 2150 detur
721 2107 791 2148 avae.

167 2180 220 2246 De
234 2178 424 2242 Childeberti
435 2180 608 2255 dulcedine,
622 2179 718 2252 flore,
730 2179 840 2255 salute,

210 2273 354 2340 Fructum
366 2275 474 2336 habeas
485 2275 635 2358 genetrix,
647 2274 732 2355 plebs
745 2293 797 2335 sua
808 2286 875 2335 vote
887 2273 1007 2346 videns,

167 2367 221 2444 Dc
231 2382 299 2429 nata
311 2381 398 2448 atque
410 2388 488 2429 nuru
497 2367 628 2430 cumulet
639 2367 695 2434 tibi
708 2368 788 2427 dona
801 2363 949 2445 Creator,

212 2460 352 2543 Cumque
363 2463 416 2546 pio
430 2461 537 2522 merito
550 2474 607 2522 stes
620 2459 766 2542 placitura
778 2457 858 2520 Deo.
893 2479 897 2486 ’

170 2555 234 2619 Hic
244 2576 362 2630 merear
375 2557 493 2617 rediens
503 2554 588 2622 vobis
600 2556 670 2615 dare
678 2553 775 2614 -verbn
787 2551 905 2630 salutis,

208 2646 413 2730 Congaudcns
427 2648 557 2709 dominis
569 2646 708 2728 parvulus
720 2647 784 2732 ipse
796 2645 863 2726 piis.

170 2739 321 2822 Prospera
333 2740 393 2802 sint
403 2761 522 2824 regum,
537 2740 724 2822 populorum
733 2739 837 2822 gaudia
850 2751 1007 2814 crescant,

212 2835 331 2900 Erultet
344 2835 445 2918 regio,
459 2848 515 2896 stet
526 2834 624 2896 bonor
636 2835 691 2895 iste
705 2833 765 2900 diu.

371 2992 469 3044 xxu.
490 2990 542 3041 DE
560 2988 740 3042 NAVIGIO
765 2986 852 3040 SUO.

172 3093 321 3186 Reotnos
332 3131 491 3175 occurrens
503 3111 554 3178 ubi
567 3107 692 3178 Mettica
704 3107 815 3180 moenie
828 3105 963 3200 pollent,
