2230 3838
149 405 209 490 ¹74
393 419 426 472 v.
453 418 489 472 n.
513 418 772 473 somonam

146 511 316 593 Quintiano
330 510 453 572 demum
465 523 568 574 saneto
581 509 740 571 erudiente
753 509 919 593 magistro,

183 604 345 668 Pulchrior
358 617 402 667 est
414 625 488 667 auro
500 605 590 668 corde
604 604 749 686 probatus
761 605 866 667 homo.

140 700 216 764 lude
231 698 399 761 Palatinam
412 699 489 783 regis
499 698 654 760 translatus
667 699 700 758 in
712 699 828 776 aulam,

181 794 375 858 Theudoria-,e
388 806 441 856 tuo
454 793 527 856 vixit
538 813 643 855 amore
657 793 720 874 pio.

140 888 215 952 Mox
228 890 280 951 ubi
292 889 454 950 destituens
468 901 564 950 terras
575 886 651 968 petit
664 899 742 947 astra
756 884 918 970 magister,

183 981 282 1046 Cessit
296 981 443 1064 discipulo
458 1001 529 1044 cura
540 981 652 1041 tuendo
666 1000 797 1063 gregem.

137 1075 333 1140 Pontificatus
343 1076 426 1137 enim
440 1076 601 1137 moderans
612 1075 653 1134 ita
664 1074 739 1136 rexit
751 1073 902 1152 habenas,

182 1166 290 1233 Pastor
301 1183 333 1232 ut
347 1169 455 1232 officiis
468 1182 562 1246 esset,
577 1187 681 1230 amore
694 1180 790 1250 pater.

140 1264 327 1341 Mansuetus,
341 1264 470 1346 patiens,
482 1264 594 1339 bonus,
606 1284 719 1344 aequm,
733 1275 889 1341 amator‚a
923 1267 1030 1343 andus,

178 1360 255 1422 Non
270 1372 334 1421 erat
348 1359 488 1435 offensae,
503 1359 555 1419 sed
568 1356 653 1420 locus
665 1357 716 1420 hic
728 1358 833 1420 veniae.

140 1451 174 1516 si
186 1474 244 1534 qua
257 1452 448 1534 supervenit,
462 1452 539 1514 saeta
551 1464 595 1512 est
607 1451 718 1532 injuria
729 1451 840 1527 virtus,

179 1546 273 1608 Unde
286 1547 371 1607 furor
384 1558 522 1628 poterat,
537 1545 608 1606 inde
619 1545 790 1626 triumphus
802 1559 874 1608 erat.

137 1639 265 1704 Plebem
280 1659 353 1703 voce
367 1640 472 1702 fovens
484 1639 566 1719 quasi
580 1651 666 1701 natos
681 1639 773 1701 ubere
787 1642 902 1719 nutrix,

177 1733 291 1796 Dulcia
303 1733 426 1796 condito
441 1753 510 1794 eum
520 1733 585 1804 ,sale
599 1732 692 1794 mella
703 1733 813 1818 rigans.
1045 1776 1061 1833 „x

137 1827 211 1890 Hoc
221 1847 299 1909 opus
313 1846 453 1888 exercens
465 1827 615 1908 praescivit
628 1827 708 1889 dona
720 1827 830 1904 futuri,
1061 1836 1080 1893 t

182 1920 222 1981 Se
235 1934 356 2002 pastore
370 1921 447 1980 nihii
460 1941 549 2003 posse
562 1921 663 2004 perire
682 1922 773 2006 gregi.
1081 1908 1087 1921 ’
1103 1961 1104 2022 p

139 2013 191 2079 Sic
204 2028 290 2097 pater
302 2014 460 2078 ecelesiam
474 2017 549 2099 regit
562 2017 593 2076 in
608 2015 814 2096 quinquennia
827 2015 981 2098 quinque,

177 2108 233 2171 Bis
245 2111 369 2171 terdena
383 2121 484 2171 tamen
498 2109 590 2170 lustra
602 2123 751 2191 superstes
765 2131 862 2195 agens.

137 2203 222 2266 Hinc
234 2203 363 2266 meliore
375 2204 425 2267 via
435 2218 570 2267 sanctum
585 2204 623 2265 ad
636 2204 767 2268 coelestia
780 2219 918 2283 vectum,

177 2297 254 2362 Non
268 2300 382 2382 premit
392 2318 468 2360 urna
481 2299 564 2382 rogi,
577 2300 631 2361 sed
641 2311 723 2362 tenet
735 2300 807 2362 ulna
822 2299 893 2365 Dei.

154 2421 157 2428 ι
178 2465 704 2525 V.EP1TAPH1UMRURIGIORUM
725 2465 984 2526 EPISCOPORUM

357 2556 587 2598 armoriolum
611 2554 805 2599 omiseras.

136 2655 259 2740 laevum
272 2697 355 2738 mors
368 2677 475 2758 rapido
490 2676 626 2756 quamuis
640 2677 790 2739 miniteris
801 2677 904 2757 hiatu,

176 2771 209 2832 N
212 2791 252 2832 on
264 2770 412 2831 tamenin
423 2783 540 2833 sanctos
553 2773 618 2853 jura
630 2784 734 2833 tenere
747 2773 837 2834 vales.

134 2865 220 2929 Nam
236 2878 394 2949 postquam
409 2885 548 2926 remeans
555 2865 744 2926 domuitiera
752 2878 861 2928 tartara
871 2864 1027 2947 Christus,

176 2959 199 3020 J
202 2972 336 3022 ustorum
350 2959 467 3020 meritis
479 2959 535 3020 suh
546 2959 625 3040 pede
637 2958 716 3020 vieta
725 2962 814 3041 jaces.

134 3053 199 3116 Hic
211 3074 294 3116 sacra
305 3053 483 3135 pontificum
494 3064 561 3112 toto
572 3052 719 3115 radiantia
731 3054 847 3113 mundo

179 3145 322 3209 Membra
335 3145 492 3228 sepulchra
504 3158 621 3229 tegunt,
636 3147 758 3228 spiritus
771 3160 849 3209 astra
865 3145 949 3211 colit.

135 3237 254 3304 Ruricii
267 3240 381 3326 gemini
394 3237 484 3304 flores
495 3239 603 3323 quibus
615 3239 818 3319 Aniciomru,
