<?xml version="1.0" encoding="UTF-8"?>
<!DOCTYPE html PUBLIC "-//W3C//DTD XHTML 1.0 Transitional//EN"
    "http://www.w3.org/TR/xhtml1/DTD/xhtml1-transitional.dtd">
<html xmlns="http://www.w3.org/1999/xhtml" xml:lang="en" lang="en">
 <head>
  <title>
</title>
<meta http-equiv="Content-Type" content="text/html;charset=utf-8" />
  <meta name='ocr-system' content='tesseract 3.04.00' />
  <meta name='ocr-capabilities' content='ocr_page ocr_carea ocr_par ocr_line ocrx_word'/>
</head>
<body>
  <div class='ocr_page' id='page_1' title='image "./venantiihonorii00unkngoog_0020.png"; bbox 0 0 2222 3844; ppageno 0'>
   <div class='ocr_carea' id='block_1_1' title="bbox 128 339 1008 2027">
    <p class='ocr_par' dir='ltr' id='par_1_1' title="bbox 128 339 1008 2027">
     <span class='ocr_line' id='line_1_1' title="bbox 131 339 785 415; baseline 0.012 -15"><span class='ocrx_word' id='word_1_1' title='bbox 131 339 153 415; x_wconf 75' lang='grc'>4</span> <span class='ocrx_word' id='word_1_2' title='bbox 382 351 414 404; x_wconf 83' lang='lat' dir='ltr'><strong>v.</strong></span> <span class='ocrx_word' id='word_1_3' title='bbox 439 352 474 404; x_wconf 81' lang='lat' dir='ltr'><strong>u.</strong></span> <span class='ocrx_word' id='word_1_4' title='bbox 499 353 785 408; x_wconf 70' lang='lat' dir='ltr'><strong>conruunrus</strong></span> 
     </span>
     <span class='ocr_line' id='line_1_2' title="bbox 171 441 833 528; baseline 0.005 -24"><span class='ocrx_word' id='word_1_5' title='bbox 171 441 334 505; x_wconf 87' lang='lat' dir='ltr'><strong>Servibunt</strong></span> <span class='ocrx_word' id='word_1_6' title='bbox 345 456 465 528; x_wconf 82' lang='lat' dir='ltr'><strong>gentes,</strong></span> <span class='ocrx_word' id='word_1_7' title='bbox 480 456 510 504; x_wconf 91' lang='lat' dir='ltr'><strong>et</strong></span> <span class='ocrx_word' id='word_1_8' title='bbox 525 441 604 505; x_wconf 89' lang='lat' dir='ltr'><strong>Saba</strong></span> <span class='ocrx_word' id='word_1_9' title='bbox 618 447 697 506; x_wconf 90' lang='lat' dir='ltr'><strong>dona</strong></span> <span class='ocrx_word' id='word_1_10' title='bbox 710 447 833 507; x_wconf 86' lang='lat' dir='ltr'><strong>dabunt.</strong></span> 
     </span>
     <span class='ocr_line' id='line_1_3' title="bbox 128 537 962 622; baseline 0.006 -23"><span class='ocrx_word' id='word_1_11' title='bbox 128 538 291 620; x_wconf 85' lang='lat' dir='ltr'><strong>Accipiens</strong></span> <span class='ocrx_word' id='word_1_12' title='bbox 307 537 434 599; x_wconf 84' lang='lat' dir='ltr'>Simeon</span> <span class='ocrx_word' id='word_1_13' title='bbox 448 539 587 600; x_wconf 87' lang='lat' dir='ltr'><strong>manibus</strong></span> <span class='ocrx_word' id='word_1_14' title='bbox 599 561 691 621; x_wconf 90' lang='lat' dir='ltr'><strong>quem</strong></span> <span class='ocrx_word' id='word_1_15' title='bbox 703 542 796 622; x_wconf 88' lang='lat' dir='ltr'><strong>justus</strong></span> <span class='ocrx_word' id='word_1_16' title='bbox 810 541 962 622; x_wconf 86' lang='lat' dir='ltr'><strong>utrisque,</strong></span> 
     </span>
     <span class='ocr_line' id='line_1_4' title="bbox 170 633 815 716; baseline 0.002 -23"><span class='ocrx_word' id='word_1_17' title='bbox 170 633 269 695; x_wconf 80' lang='lat' dir='ltr'><strong>Annis</strong></span> <span class='ocrx_word' id='word_1_18' title='bbox 281 634 451 715; x_wconf 83' lang='lat' dir='ltr'><strong>decrepitus</strong></span> <span class='ocrx_word' id='word_1_19' title='bbox 464 635 527 697; x_wconf 83' lang='lat' dir='ltr'><strong>haec</strong></span> <span class='ocrx_word' id='word_1_20' title='bbox 538 634 590 716; x_wconf 87' lang='lat' dir='ltr'><strong>pia</strong></span> <span class='ocrx_word' id='word_1_21' title='bbox 602 635 695 697; x_wconf 87' lang='lat' dir='ltr'><strong>verba</strong></span> <span class='ocrx_word' id='word_1_22' title='bbox 708 635 792 694; x_wconf 86' lang='lat' dir='ltr'><strong>dedit</strong></span> <span class='ocrx_word' id='word_1_23' title='bbox 807 658 815 694; x_wconf 73' lang='grc' dir='ltr'><strong>ε</strong></span> 
     </span>
     <span class='ocr_line' id='line_1_5' title="bbox 131 726 1008 812; baseline 0.002 -24"><span class='ocrx_word' id='word_1_24' title='bbox 131 726 225 812; x_wconf 80' lang='lat' dir='ltr'><strong>Nunc</strong></span> <span class='ocrx_word' id='word_1_25' title='bbox 238 729 355 790; x_wconf 79' lang='lat' dir='ltr'><strong>dimitte</strong></span> <span class='ocrx_word' id='word_1_26' title='bbox 368 730 399 788; x_wconf 92' lang='lat' dir='ltr'><strong>in</strong></span> <span class='ocrx_word' id='word_1_27' title='bbox 412 750 486 810; x_wconf 90' lang='lat' dir='ltr'><strong>pace</strong></span> <span class='ocrx_word' id='word_1_28' title='bbox 503 743 587 790; x_wconf 87' lang='lat' dir='ltr'><strong>tuum</strong></span> <span class='ocrx_word' id='word_1_29' title='bbox 601 749 740 805; x_wconf 81' lang='lat' dir='ltr'><strong>servum,</strong></span> <span class='ocrx_word' id='word_1_30' title='bbox 755 741 859 791; x_wconf 81' lang='lat' dir='ltr'><strong>auctor</strong></span> <span class='ocrx_word' id='word_1_31' title='bbox 872 729 982 791; x_wconf 85' lang='lat' dir='ltr'><strong>ab&#39;alto</strong></span> <span class='ocrx_word' id='word_1_32' title='bbox 993 777 1008 806; x_wconf 91' lang='lat'><strong>,</strong></span> 
     </span>
     <span class='ocr_line' id='line_1_6' title="bbox 171 821 754 906; baseline 0.003 -26"><span class='ocrx_word' id='word_1_33' title='bbox 171 821 323 882; x_wconf 83' lang='lat' dir='ltr'><strong>Viderunt</strong></span> <span class='ocrx_word' id='word_1_34' title='bbox 336 823 415 886; x_wconf 91' lang='lat' dir='ltr'><strong>oculi</strong></span> <span class='ocrx_word' id='word_1_35' title='bbox 428 826 489 906; x_wconf 92' lang='lat' dir='ltr'><strong>jam</strong></span> <span class='ocrx_word' id='word_1_36' title='bbox 504 825 574 902; x_wconf 92' lang='lat' dir='ltr'><strong>quia</strong></span> <span class='ocrx_word' id='word_1_37' title='bbox 587 838 656 884; x_wconf 85' lang='lat' dir='ltr'><strong>vota</strong></span> <span class='ocrx_word' id='word_1_38' title='bbox 669 823 731 883; x_wconf 87' lang='lat' dir='ltr'><strong>mei</strong></span> <span class='ocrx_word' id='word_1_39' title='bbox 747 846 754 895; x_wconf 81' lang='lat'><em>3</em></span> 
     </span>
     <span class='ocr_line' id='line_1_7' title="bbox 131 913 973 997; baseline 0.005 -21"><span class='ocrx_word' id='word_1_40' title='bbox 131 913 263 995; x_wconf 83' lang='lat' dir='ltr'><strong>Quando</strong></span> <span class='ocrx_word' id='word_1_41' title='bbox 278 916 404 978; x_wconf 88' lang='lat' dir='ltr'><strong>salutare</strong></span> <span class='ocrx_word' id='word_1_42' title='bbox 418 919 476 980; x_wconf 90' lang='lat' dir='ltr'><strong>hoc</strong></span> <span class='ocrx_word' id='word_1_43' title='bbox 488 919 604 994; x_wconf 85' lang='lat' dir='ltr'><strong>merui,</strong></span> <span class='ocrx_word' id='word_1_44' title='bbox 620 931 670 978; x_wconf 91' lang='lat' dir='ltr'><strong>tna</strong></span> <span class='ocrx_word' id='word_1_45' title='bbox 684 919 774 980; x_wconf 86' lang='lat' dir='ltr'><strong>verba</strong></span> <span class='ocrx_word' id='word_1_46' title='bbox 788 921 973 997; x_wconf 89' lang='lat' dir='ltr'><strong>secundum,</strong></span> 
     </span>
     <span class='ocr_line' id='line_1_8' title="bbox 171 1008 858 1094; baseline 0.006 -24"><span class='ocrx_word' id='word_1_47' title='bbox 171 1008 266 1070; x_wconf 85' lang='lat' dir='ltr'><strong>Ferre</strong></span> <span class='ocrx_word' id='word_1_48' title='bbox 281 1032 391 1086; x_wconf 91' lang='lat' dir='ltr'><strong>manu,</strong></span> <span class='ocrx_word' id='word_1_49' title='bbox 407 1025 435 1072; x_wconf 88' lang='lat' dir='ltr'><strong>et</strong></span> <span class='ocrx_word' id='word_1_50' title='bbox 449 1012 513 1073; x_wconf 91' lang='lat' dir='ltr'><strong>visu</strong></span> <span class='ocrx_word' id='word_1_51' title='bbox 527 1033 650 1074; x_wconf 87' lang='lat' dir='ltr'><strong>cernere</strong></span> <span class='ocrx_word' id='word_1_52' title='bbox 664 1014 730 1094; x_wconf 89' lang='lat' dir='ltr'><strong>jure</strong></span> <span class='ocrx_word' id='word_1_53' title='bbox 744 1012 858 1074; x_wconf 91' lang='lat' dir='ltr'><strong>Deum.</strong></span> 
     </span>
     <span class='ocr_line' id='line_1_9' title="bbox 133 1100 852 1188; baseline 0.001 -24"><span class='ocrx_word' id='word_1_54' title='bbox 133 1100 165 1164; x_wconf 94' lang='grc' dir='ltr'>Ο</span> <span class='ocrx_word' id='word_1_55' title='bbox 180 1124 262 1166; x_wconf 88' lang='lat' dir='ltr'><strong>sacra</strong></span> <span class='ocrx_word' id='word_1_56' title='bbox 274 1105 356 1187; x_wconf 82' lang='lat' dir='ltr'><strong>virgo</strong></span> <span class='ocrx_word' id='word_1_57' title='bbox 369 1103 433 1165; x_wconf 90' lang='lat' dir='ltr'><strong>Dei</strong></span> <span class='ocrx_word' id='word_1_58' title='bbox 447 1105 538 1166; x_wconf 89' lang='lat' dir='ltr'><strong>talem</strong></span> <span class='ocrx_word' id='word_1_59' title='bbox 550 1107 721 1188; x_wconf 83' lang='lat' dir='ltr'><strong>generando</strong></span> <span class='ocrx_word' id='word_1_60' title='bbox 735 1102 852 1181; x_wconf 88' lang='lat' dir='ltr'><strong>Maria,</strong></span> 
     </span>
     <span class='ocr_line' id='line_1_10' title="bbox 173 1195 945 1281; baseline 0.001 -23"><span class='ocrx_word' id='word_1_61' title='bbox 173 1195 233 1259; x_wconf 89' lang='lat' dir='ltr'><strong>Per</strong></span> <span class='ocrx_word' id='word_1_62' title='bbox 245 1219 336 1277; x_wconf 91' lang='lat' dir='ltr'><strong>quem</strong></span> <span class='ocrx_word' id='word_1_63' title='bbox 350 1199 453 1260; x_wconf 91' lang='lat' dir='ltr'><strong>lumen</strong></span> <span class='ocrx_word' id='word_1_64' title='bbox 466 1198 555 1260; x_wconf 82' lang='lat' dir='ltr'><strong>habet</strong></span> <span class='ocrx_word' id='word_1_65' title='bbox 568 1199 654 1281; x_wconf 86' lang='lat' dir='ltr'><strong>plebs</strong></span> <span class='ocrx_word' id='word_1_66' title='bbox 667 1199 827 1260; x_wconf 85' lang='lat' dir='ltr'><strong>tenebrosa</strong></span> <span class='ocrx_word' id='word_1_67' title='bbox 840 1199 924 1281; x_wconf 89' lang='lat' dir='ltr'><strong>prius</strong></span> <span class='ocrx_word' id='word_1_68' title='bbox 937 1221 945 1259; x_wconf 75' lang='grc' dir='ltr'><strong><em>ε</em></strong></span> 
     </span>
     <span class='ocr_line' id='line_1_11' title="bbox 130 1289 844 1376; baseline 0.004 -26"><span class='ocrx_word' id='word_1_69' title='bbox 130 1289 168 1352; x_wconf 94' lang='lat' dir='ltr'><strong>In</strong></span> <span class='ocrx_word' id='word_1_70' title='bbox 181 1291 302 1375; x_wconf 85' lang='lat' dir='ltr'><strong>regione</strong></span> <span class='ocrx_word' id='word_1_71' title='bbox 314 1293 430 1354; x_wconf 86' lang='lat' dir='ltr'><strong>umbrae</strong></span> <span class='ocrx_word' id='word_1_72' title='bbox 444 1295 550 1355; x_wconf 91' lang='lat' dir='ltr'><strong>mortis</strong></span> <span class='ocrx_word' id='word_1_73' title='bbox 564 1294 613 1354; x_wconf 89' lang='lat' dir='ltr'><strong>lux</strong></span> <span class='ocrx_word' id='word_1_74' title='bbox 626 1295 691 1376; x_wconf 91' lang='lat' dir='ltr'><strong>ipsa</strong></span> <span class='ocrx_word' id='word_1_75' title='bbox 705 1294 844 1370; x_wconf 77' lang='lat' dir='ltr'><strong>refulsit,</strong></span> 
     </span>
     <span class='ocr_line' id='line_1_12' title="bbox 170 1387 730 1464; baseline 0.005 -17"><span class='ocrx_word' id='word_1_76' title='bbox 170 1387 369 1448; x_wconf 82' lang='lat' dir='ltr'><strong>Admirabilis</strong></span> <span class='ocrx_word' id='word_1_77' title='bbox 381 1389 448 1464; x_wconf 86' lang='lat' dir='ltr'><strong>hic,</strong></span> <span class='ocrx_word' id='word_1_78' title='bbox 466 1388 653 1450; x_wconf 84' lang='lat' dir='ltr'><strong>consiliarius</strong></span> <span class='ocrx_word' id='word_1_79' title='bbox 671 1389 730 1450; x_wconf 88' lang='lat' dir='ltr'><strong>hic.</strong></span> 
     </span>
     <span class='ocr_line' id='line_1_13' title="bbox 131 1479 989 1562; baseline -0.001 -21"><span class='ocrx_word' id='word_1_80' title='bbox 131 1480 196 1562; x_wconf 88' lang='lat' dir='ltr'><strong>Qui</strong></span> <span class='ocrx_word' id='word_1_81' title='bbox 211 1479 295 1541; x_wconf 85' lang='lat' dir='ltr'><strong>Deus</strong></span> <span class='ocrx_word' id='word_1_82' title='bbox 308 1494 352 1542; x_wconf 87' lang='lat' dir='ltr'><strong>est</strong></span> <span class='ocrx_word' id='word_1_83' title='bbox 365 1482 450 1542; x_wconf 82' lang='lat' dir='ltr'><strong>fortis</strong></span> <span class='ocrx_word' id='word_1_84' title='bbox 464 1495 550 1562; x_wconf 87' lang='lat' dir='ltr'><strong>pater</strong></span> <span class='ocrx_word' id='word_1_85' title='bbox 562 1495 650 1560; x_wconf 84' lang='lat' dir='ltr'><strong>atque</strong></span> <span class='ocrx_word' id='word_1_86' title='bbox 665 1482 697 1540; x_wconf 90' lang='lat' dir='ltr'><strong>in</strong></span> <span class='ocrx_word' id='word_1_87' title='bbox 713 1480 813 1543; x_wconf 89' lang='lat' dir='ltr'><strong>secula</strong></span> <span class='ocrx_word' id='word_1_88' title='bbox 824 1479 989 1561; x_wconf 85' lang='lat' dir='ltr'><strong>princeps,</strong></span> 
     </span>
     <span class='ocr_line' id='line_1_14' title="bbox 171 1572 752 1654; baseline -0.003 -21"><span class='ocrx_word' id='word_1_89' title='bbox 171 1572 300 1654; x_wconf 89' lang='lat' dir='ltr'><strong>Imperii</strong></span> <span class='ocrx_word' id='word_1_90' title='bbox 314 1578 396 1654; x_wconf 87' lang='lat' dir='ltr'><strong>cujus</strong></span> <span class='ocrx_word' id='word_1_91' title='bbox 410 1593 467 1653; x_wconf 87' lang='lat' dir='ltr'><strong>pax</strong></span> <span class='ocrx_word' id='word_1_92' title='bbox 480 1574 545 1634; x_wconf 90' lang='lat' dir='ltr'><strong>sine</strong></span> <span class='ocrx_word' id='word_1_93' title='bbox 558 1573 618 1633; x_wconf 86' lang='lat' dir='ltr'><strong>fine</strong></span> <span class='ocrx_word' id='word_1_94' title='bbox 627 1586 728 1633; x_wconf 90' lang='lat' dir='ltr'><strong>manet</strong></span> <span class='ocrx_word' id='word_1_95' title='bbox 745 1597 752 1631; x_wconf 75' lang='grc' dir='ltr'><strong><em>ε</em></strong></span> 
     </span>
     <span class='ocr_line' id='line_1_15' title="bbox 132 1665 866 1746; baseline -0.004 -18"><span class='ocrx_word' id='word_1_96' title='bbox 132 1666 291 1728; x_wconf 85' lang='lat' dir='ltr'><strong>Rorarunt</strong></span> <span class='ocrx_word' id='word_1_97' title='bbox 304 1665 371 1727; x_wconf 86' lang='lat' dir='ltr'><strong>coeli</strong></span> <span class='ocrx_word' id='word_1_98' title='bbox 384 1667 502 1740; x_wconf 89' lang='lat' dir='ltr'><strong>nubes,</strong></span> <span class='ocrx_word' id='word_1_99' title='bbox 524 1666 694 1746; x_wconf 87' lang='lat' dir='ltr'><strong>justumque</strong></span> <span class='ocrx_word' id='word_1_100' title='bbox 707 1666 866 1746; x_wconf 88' lang='lat' dir='ltr'><strong>pluerunt,</strong></span> 
     </span>
     <span class='ocr_line' id='line_1_16' title="bbox 174 1759 826 1841; baseline -0.002 -21"><span class='ocrx_word' id='word_1_101' title='bbox 174 1761 280 1840; x_wconf 81' lang='lat' dir='ltr'><strong>Quem</strong></span> <span class='ocrx_word' id='word_1_102' title='bbox 293 1760 472 1821; x_wconf 87' lang='lat' dir='ltr'><strong>salvatorem</strong></span> <span class='ocrx_word' id='word_1_103' title='bbox 485 1760 621 1841; x_wconf 83' lang='lat' dir='ltr'><strong>germine</strong></span> <span class='ocrx_word' id='word_1_104' title='bbox 634 1759 718 1841; x_wconf 82' lang='lat' dir='ltr'><strong>virgo</strong></span> <span class='ocrx_word' id='word_1_105' title='bbox 733 1759 826 1819; x_wconf 89' lang='lat' dir='ltr'><strong>dedit.</strong></span> 
     </span>
     <span class='ocr_line' id='line_1_17' title="bbox 132 1849 907 1938; baseline -0.005 -22"><span class='ocrx_word' id='word_1_106' title='bbox 132 1851 303 1938; x_wconf 77' lang='lat' dir='ltr'><strong>AEgyptus,</strong></span> <span class='ocrx_word' id='word_1_107' title='bbox 320 1853 406 1922; x_wconf 84' lang='lat' dir='ltr'><strong>labor</strong></span> <span class='ocrx_word' id='word_1_108' title='bbox 421 1851 626 1934; x_wconf 75' lang='lat' dir='ltr'><strong>AEthiopum,</strong></span> <span class='ocrx_word' id='word_1_109' title='bbox 641 1853 777 1931; x_wconf 83' lang='lat' dir='ltr'><strong>ditesque</strong></span> <span class='ocrx_word' id='word_1_110' title='bbox 791 1849 907 1928; x_wconf 80' lang='lat' dir='ltr'><strong>Sabaei,</strong></span> 
     </span>
     <span class='ocr_line' id='line_1_18' title="bbox 174 1945 943 2027; baseline -0.001 -19"><span class='ocrx_word' id='word_1_111' title='bbox 174 1947 225 2008; x_wconf 85' lang='lat' dir='ltr'><strong>Ad</strong></span> <span class='ocrx_word' id='word_1_112' title='bbox 237 1966 329 2027; x_wconf 93' lang='lat' dir='ltr'><strong>quem</strong></span> <span class='ocrx_word' id='word_1_113' title='bbox 343 1945 528 2021; x_wconf 88' lang='lat' dir='ltr'><strong>transibunt,</strong></span> <span class='ocrx_word' id='word_1_114' title='bbox 542 1957 643 2006; x_wconf 87' lang='lat' dir='ltr'><strong>mente</strong></span> <span class='ocrx_word' id='word_1_115' title='bbox 657 1946 810 2023; x_wconf 88' lang='lat' dir='ltr'><strong>sequendo</strong></span> <span class='ocrx_word' id='word_1_116' title='bbox 824 1945 943 2008; x_wconf 88' lang='lat' dir='ltr'><strong>Deum.</strong></span> 
     </span>
    </p>
   </div>
   <div class='ocr_carea' id='block_1_2' title="bbox 24 2037 1029 2121">
    <p class='ocr_par' dir='ltr' id='par_1_2' title="bbox 24 2037 1029 2121">
     <span class='ocr_line' id='line_1_19' title="bbox 24 2037 1029 2121; baseline 0.002 -19"><span class='ocrx_word' id='word_1_117' title='bbox 24 2085 27 2092; x_wconf 65' lang='grc'><strong><em>»</em></strong></span> <span class='ocrx_word' id='word_1_118' title='bbox 133 2039 189 2103; x_wconf 88' lang='lat' dir='ltr'><strong>Est</strong></span> <span class='ocrx_word' id='word_1_119' title='bbox 198 2041 229 2100; x_wconf 90' lang='lat' dir='ltr'><strong>in</strong></span> <span class='ocrx_word' id='word_1_120' title='bbox 246 2060 306 2119; x_wconf 93' lang='lat' dir='ltr'><strong>quo</strong></span> <span class='ocrx_word' id='word_1_121' title='bbox 320 2051 435 2100; x_wconf 86' lang='lat' dir='ltr'><strong>tantum</strong></span> <span class='ocrx_word' id='word_1_122' title='bbox 449 2038 554 2117; x_wconf 90' lang='lat' dir='ltr'><strong>Deus,</strong></span> <span class='ocrx_word' id='word_1_123' title='bbox 565 2053 665 2100; x_wconf 93' lang='lat' dir='ltr'><strong>etnon</strong></span> <span class='ocrx_word' id='word_1_124' title='bbox 674 2052 718 2100; x_wconf 92' lang='lat' dir='ltr'><strong>est</strong></span> <span class='ocrx_word' id='word_1_125' title='bbox 731 2037 817 2101; x_wconf 90' lang='lat' dir='ltr'><strong>Deus</strong></span> <span class='ocrx_word' id='word_1_126' title='bbox 827 2041 937 2120; x_wconf 89' lang='lat' dir='ltr'><strong>absque</strong></span> <span class='ocrx_word' id='word_1_127' title='bbox 946 2041 1029 2121; x_wconf 90' lang='lat' dir='ltr'><strong>hoc,</strong></span> 
     </span>
    </p>
   </div>
   <div class='ocr_carea' id='block_1_3' title="bbox 134 2131 1014 3249">
    <p class='ocr_par' dir='ltr' id='par_1_3' title="bbox 134 2131 1014 3249">
     <span class='ocr_line' id='line_1_20' title="bbox 176 2131 887 2213; baseline 0.001 -19"><span class='ocrx_word' id='word_1_128' title='bbox 176 2133 240 2196; x_wconf 86' lang='lat' dir='ltr'><strong>Hic</strong></span> <span class='ocrx_word' id='word_1_129' title='bbox 254 2132 340 2194; x_wconf 88' lang='lat' dir='ltr'><strong>Deus</strong></span> <span class='ocrx_word' id='word_1_130' title='bbox 353 2135 534 2209; x_wconf 87' lang='lat' dir='ltr'><strong>absconsus,</strong></span> <span class='ocrx_word' id='word_1_131' title='bbox 553 2135 605 2213; x_wconf 91' lang='lat' dir='ltr'><strong>qui</strong></span> <span class='ocrx_word' id='word_1_132' title='bbox 615 2134 702 2195; x_wconf 85' lang='lat' dir='ltr'><strong>Deus</strong></span> <span class='ocrx_word' id='word_1_133' title='bbox 715 2131 810 2195; x_wconf 87' lang='lat' dir='ltr'><strong>lsrael</strong></span> <span class='ocrx_word' id='word_1_134' title='bbox 824 2148 887 2207; x_wconf 79' lang='lat' dir='ltr'><strong>est3</strong></span> 
     </span>
     <span class='ocr_line' id='line_1_21' title="bbox 137 2225 940 2311; baseline 0 -20"><span class='ocrx_word' id='word_1_135' title='bbox 137 2225 232 2310; x_wconf 91' lang='lat' dir='ltr'><strong>Cujus</strong></span> <span class='ocrx_word' id='word_1_136' title='bbox 244 2227 267 2286; x_wconf 87' lang='lat' dir='ltr'>J</span> <span class='ocrx_word' id='word_1_137' title='bbox 270 2227 370 2288; x_wconf 87' lang='lat' dir='ltr'><strong>ustitia</strong></span> <span class='ocrx_word' id='word_1_138' title='bbox 381 2241 424 2289; x_wconf 88' lang='lat' dir='ltr'><strong>est</strong></span> <span class='ocrx_word' id='word_1_139' title='bbox 439 2226 614 2290; x_wconf 89' lang='lat' dir='ltr'><strong>lumborum</strong></span> <span class='ocrx_word' id='word_1_140' title='bbox 628 2228 800 2311; x_wconf 76' lang='lat' dir='ltr'><strong>cingulum,</strong></span> <span class='ocrx_word' id='word_1_141' title='bbox 814 2241 845 2290; x_wconf 92' lang='lat' dir='ltr'><strong>et</strong></span> <span class='ocrx_word' id='word_1_142' title='bbox 857 2230 940 2290; x_wconf 91' lang='lat' dir='ltr'><strong>idem</strong></span> 
     </span>
     <span class='ocr_line' id='line_1_22' title="bbox 176 2319 803 2404; baseline 0.005 -23"><span class='ocrx_word' id='word_1_143' title='bbox 176 2319 253 2404; x_wconf 90' lang='lat' dir='ltr'><strong>Ejus</strong></span> <span class='ocrx_word' id='word_1_144' title='bbox 266 2322 348 2383; x_wconf 90' lang='lat' dir='ltr'><strong>renis</strong></span> <span class='ocrx_word' id='word_1_145' title='bbox 362 2324 444 2382; x_wconf 87' lang='lat' dir='ltr'><strong>adest</strong></span> <span class='ocrx_word' id='word_1_146' title='bbox 457 2321 699 2402; x_wconf 88' lang='lat' dir='ltr'><strong>cinctoriumque</strong></span> <span class='ocrx_word' id='word_1_147' title='bbox 713 2323 803 2395; x_wconf 86' lang='lat' dir='ltr'><strong>fides;</strong></span> 
     </span>
     <span class='ocr_line' id='line_1_23' title="bbox 134 2413 943 2500; baseline -0.001 -22"><span class='ocrx_word' id='word_1_148' title='bbox 134 2413 245 2500; x_wconf 82' lang='lat' dir='ltr'><strong>Reguli</strong></span> <span class='ocrx_word' id='word_1_149' title='bbox 259 2428 289 2477; x_wconf 91' lang='lat' dir='ltr'><strong>et</strong></span> <span class='ocrx_word' id='word_1_150' title='bbox 301 2416 412 2498; x_wconf 84' lang='lat' dir='ltr'><strong>aspidis</strong></span> <span class='ocrx_word' id='word_1_151' title='bbox 425 2436 495 2478; x_wconf 87' lang='lat' dir='ltr'><strong>ausa</strong></span> <span class='ocrx_word' id='word_1_152' title='bbox 508 2436 619 2477; x_wconf 88' lang='lat' dir='ltr'><strong>manus</strong></span> <span class='ocrx_word' id='word_1_153' title='bbox 633 2430 791 2498; x_wconf 87' lang='lat' dir='ltr'><strong>penetrare</strong></span> <span class='ocrx_word' id='word_1_154' title='bbox 805 2415 943 2477; x_wconf 88' lang='lat' dir='ltr'><strong>soramen</strong></span> 
     </span>
     <span class='ocr_line' id='line_1_24' title="bbox 176 2509 795 2592; baseline 0 -23"><span class='ocrx_word' id='word_1_155' title='bbox 176 2509 350 2571; x_wconf 88' lang='lat' dir='ltr'><strong>Ablactatus</strong></span> <span class='ocrx_word' id='word_1_156' title='bbox 363 2530 469 2592; x_wconf 82' lang='lat' dir='ltr'><strong>agens,</strong></span> <span class='ocrx_word' id='word_1_157' title='bbox 484 2532 541 2572; x_wconf 88' lang='lat' dir='ltr'><strong>nec</strong></span> <span class='ocrx_word' id='word_1_158' title='bbox 557 2523 647 2572; x_wconf 88' lang='lat' dir='ltr'><strong>nocet</strong></span> <span class='ocrx_word' id='word_1_159' title='bbox 660 2509 737 2570; x_wconf 89' lang='lat' dir='ltr'><strong>ullus</strong></span> <span class='ocrx_word' id='word_1_160' title='bbox 752 2511 795 2581; x_wconf 87' lang='lat' dir='ltr'><strong>ei;</strong></span> 
     </span>
     <span class='ocr_line' id='line_1_25' title="bbox 134 2603 957 2686; baseline 0.001 -21"><span class='ocrx_word' id='word_1_161' title='bbox 134 2603 243 2665; x_wconf 85' lang='lat' dir='ltr'><strong>Astans</strong></span> <span class='ocrx_word' id='word_1_162' title='bbox 255 2603 288 2662; x_wconf 89' lang='lat' dir='ltr'><strong>in</strong></span> <span class='ocrx_word' id='word_1_163' title='bbox 302 2603 418 2686; x_wconf 82' lang='lat' dir='ltr'><strong>signum</strong></span> <span class='ocrx_word' id='word_1_164' title='bbox 432 2604 635 2685; x_wconf 88' lang='lat' dir='ltr'><strong>populorum,</strong></span> <span class='ocrx_word' id='word_1_165' title='bbox 649 2605 769 2684; x_wconf 87' lang='lat' dir='ltr'><strong>ejusque</strong></span> <span class='ocrx_word' id='word_1_166' title='bbox 783 2604 957 2685; x_wconf 90' lang='lat' dir='ltr'><strong>sepulcrum</strong></span> 
     </span>
     <span class='ocr_line' id='line_1_26' title="bbox 178 2695 848 2781; baseline 0 -23"><span class='ocrx_word' id='word_1_167' title='bbox 178 2695 312 2772; x_wconf 88' lang='lat' dir='ltr'><strong>Nobile,</strong></span> <span class='ocrx_word' id='word_1_168' title='bbox 327 2697 513 2758; x_wconf 85' lang='lat' dir='ltr'><strong>adorandum</strong></span> <span class='ocrx_word' id='word_1_169' title='bbox 526 2696 622 2780; x_wconf 82' lang='lat' dir='ltr'><strong>gloria</strong></span> <span class='ocrx_word' id='word_1_170' title='bbox 636 2709 745 2776; x_wconf 86' lang='lat' dir='ltr'><strong>quanta</strong></span> <span class='ocrx_word' id='word_1_171' title='bbox 759 2699 848 2781; x_wconf 83' lang='lat' dir='ltr'><strong>tegitl</strong></span> 
     </span>
     <span class='ocr_line' id='line_1_27' title="bbox 140 2788 858 2870; baseline 0.004 -20"><span class='ocrx_word' id='word_1_172' title='bbox 140 2788 245 2870; x_wconf 85' lang='lat' dir='ltr'><strong>Quem</strong></span> <span class='ocrx_word' id='word_1_173' title='bbox 258 2790 482 2852; x_wconf 78' lang='lat' dir='ltr'><strong>dominatorem</strong></span> <span class='ocrx_word' id='word_1_174' title='bbox 497 2804 583 2852; x_wconf 80' lang='lat' dir='ltr'><strong>terrae</strong></span> <span class='ocrx_word' id='word_1_175' title='bbox 597 2791 679 2851; x_wconf 90' lang='lat' dir='ltr'><strong>misit</strong></span> <span class='ocrx_word' id='word_1_176' title='bbox 693 2789 858 2869; x_wconf 88' lang='lat' dir='ltr'><strong>Moabitis,</strong></span> 
     </span>
     <span class='ocr_line' id='line_1_28' title="bbox 179 2881 799 2968; baseline 0.005 -25"><span class='ocrx_word' id='word_1_177' title='bbox 179 2881 269 2944; x_wconf 86' lang='lat' dir='ltr'><strong>Petra</strong></span> <span class='ocrx_word' id='word_1_178' title='bbox 283 2905 317 2943; x_wconf 85' lang='lat' dir='ltr'><strong>ex</strong></span> <span class='ocrx_word' id='word_1_179' title='bbox 329 2884 439 2944; x_wconf 85' lang='lat' dir='ltr'><strong>deserti</strong></span> <span class='ocrx_word' id='word_1_180' title='bbox 452 2885 504 2964; x_wconf 92' lang='lat' dir='ltr'><strong>qui</strong></span> <span class='ocrx_word' id='word_1_181' title='bbox 517 2885 585 2966; x_wconf 87' lang='lat' dir='ltr'><strong>pius</strong></span> <span class='ocrx_word' id='word_1_182' title='bbox 598 2906 689 2968; x_wconf 84' lang='lat' dir='ltr'><strong>agnus</strong></span> <span class='ocrx_word' id='word_1_183' title='bbox 703 2886 799 2960; x_wconf 79' lang='lat' dir='ltr'><strong>adest3</strong></span> 
     </span>
     <span class='ocr_line' id='line_1_29' title="bbox 137 2975 751 3057; baseline 0.003 -20"><span class='ocrx_word' id='word_1_184' title='bbox 137 2976 188 3038; x_wconf 91' lang='lat' dir='ltr'><strong>De</strong></span> <span class='ocrx_word' id='word_1_185' title='bbox 201 2997 261 3057; x_wconf 90' lang='lat' dir='ltr'><strong>quo</strong></span> <span class='ocrx_word' id='word_1_186' title='bbox 275 2975 454 3038; x_wconf 83' lang='lat' dir='ltr'><strong>Zacharias:</strong></span> <span class='ocrx_word' id='word_1_187' title='bbox 471 2978 567 3040; x_wconf 86' lang='lat' dir='ltr'><strong>exulta</strong></span> <span class='ocrx_word' id='word_1_188' title='bbox 580 2979 642 3038; x_wconf 86' lang='lat' dir='ltr'><strong>filia</strong></span> <span class='ocrx_word' id='word_1_189' title='bbox 658 2976 751 3054; x_wconf 90' lang='lat' dir='ltr'><strong>Sion,</strong></span> 
     </span>
     <span class='ocr_line' id='line_1_30' title="bbox 178 3069 782 3148; baseline 0.005 -20"><span class='ocrx_word' id='word_1_190' title='bbox 178 3069 283 3129; x_wconf 89' lang='lat' dir='ltr'><strong>Justus</strong></span> <span class='ocrx_word' id='word_1_191' title='bbox 295 3070 441 3148; x_wconf 87' lang='lat' dir='ltr'><strong>salvator,</strong></span> <span class='ocrx_word' id='word_1_192' title='bbox 456 3093 507 3133; x_wconf 88' lang='lat' dir='ltr'><strong>rex</strong></span> <span class='ocrx_word' id='word_1_193' title='bbox 519 3085 586 3133; x_wconf 90' lang='lat' dir='ltr'><strong>tuus</strong></span> <span class='ocrx_word' id='word_1_194' title='bbox 600 3093 668 3134; x_wconf 90' lang='lat' dir='ltr'><strong>ecce</strong></span> <span class='ocrx_word' id='word_1_195' title='bbox 682 3072 782 3147; x_wconf 87' lang='lat' dir='ltr'><strong>venit,</strong></span> 
     </span>
     <span class='ocr_line' id='line_1_31' title="bbox 139 3161 1014 3249; baseline 0.001 -26"><span class='ocrx_word' id='word_1_196' title='bbox 139 3161 314 3226; x_wconf 86' lang='lat' dir='ltr'><strong>Ascendens</strong></span> <span class='ocrx_word' id='word_1_197' title='bbox 328 3165 443 3234; x_wconf 82' lang='lat' dir='ltr'><strong>asinam</strong></span> <span class='ocrx_word' id='word_1_198' title='bbox 459 3187 568 3249; x_wconf 86' lang='lat' dir='ltr'><strong>super,</strong></span> <span class='ocrx_word' id='word_1_199' title='bbox 582 3179 632 3228; x_wconf 88' lang='lat' dir='ltr'><strong>aut</strong></span> <span class='ocrx_word' id='word_1_200' title='bbox 643 3167 733 3229; x_wconf 86' lang='lat' dir='ltr'><strong>asinae</strong></span> <span class='ocrx_word' id='word_1_201' title='bbox 746 3184 865 3246; x_wconf 89' lang='lat' dir='ltr'><strong>quoque</strong></span> <span class='ocrx_word' id='word_1_202' title='bbox 877 3161 1014 3247; x_wconf 82' lang='lat' dir='ltr'><strong>pullum,</strong></span> 
     </span>
    </p>
   </div>
   <div class='ocr_carea' id='block_1_4' title="bbox 0 0 1125 3844">
    <p class='ocr_par' dir='ltr' id='par_1_4' title="bbox 0 0 1125 3844">
     <span class='ocr_line' id='line_1_32' title="bbox 0 0 1125 3844; baseline 0 0"><span class='ocrx_word' id='word_1_203' title='bbox 0 0 1125 3844; x_wconf 95' lang='lat' dir='ltr'><strong> </strong></span> 
     </span>
    </p>
   </div>
  </div>
 </body>
</html>
