2222 3852
292 337 534 401 POEMATUM
556 345 688 400 LIBER
708 347 743 400 V.
899 333 960 397 223

70 442 182 508 Dicite
194 439 219 502 si
233 437 305 518 quid
318 437 347 498 ei
359 435 478 511 nocuit,
493 456 585 515 quarn
598 429 736 518 'tempore
747 435 836 520 lapso

118 534 232 596 Mortis
245 533 302 592 iter
313 530 430 612 rapuit,
445 530 505 591 vita
515 530 657 610 perennis
668 529 730 590 alit.

75 632 157 712 Quae
168 627 263 688 modo
274 646 344 688 curn
360 623 513 705 Stephano
526 621 637 685 coelesti
650 623 771 686 consule
783 624 900 709 pergit,

36 727 41 742 ¹
118 723 232 806 Fulget
244 719 409 802 apostolico
420 719 559 800 principe
572 718 652 780 clara
666 715 769 779 Petro.

75 817 179 880 Matre
190 814 281 876 simul
294 813 410 874 domini
424 812 567 894 plaudens
580 811 714 872 radiante
725 810 842 890 Maria,

119 910 206 993 Rege
219 907 274 968 sub
287 919 400 968 aeterno
411 905 520 969 ntlitac
532 903 585 964 illa
597 902 678 964 Deo.

79 1002 255 1068 Conciliata
264 1000 377 1082 placet,
392 998 525 1080 pretioso
541 997 645 1058 sunere
657 997 765 1080 fulget,

119 1094 274 1177 Deposita
285 1092 379 1154 veteri
393 1111 473 1152 nunc
485 1089 564 1151 stola
571 1089 697 1171 pulchra
708 1091 789 1173 tegit.

83 1189 182 1270 Atque
195 1187 310 1248 utinam
322 1185 412 1246 nobis
424 1184 493 1245 illos
505 1185 647 1246 accedere
660 1183 757 1245 vultus

125 1280 225 1343 Cedat
238 1298 340 1339 amore
352 1275 439 1338 Deus
451 1298 506 1358 per
518 1296 620 1352 mare,
632 1296 687 1358 per
698 1275 820 1358 gladios.
837 1319 839 1324 -

81 1369 163 1440 ‚Vitae
173 1374 256 1457 signa
267 1384 349 1433 tenet
361 1371 455 1433 vitreo
466 1392 535 1432 curn
549 1390 616 1431 vase
630 1371 772 1445 cadente,

123 1466 202 1529 Non
213 1485 290 1546 aqna
301 1464 452 1539 restinxit,
466 1485 523 1526 nec
534 1476 620 1546 petra
632 1463 719 1547 sregit
727 1462 822 1524 humi.

86 1559 135 1621 'lu
144 1578 265 1640 qnoque
278 1570 375 1619 mater
388 1557 478 1620 babes
492 1556 665 1620 consultum
674 1577 748 1619 voce
762 1556 925 1635 'l'onantis,

10 1699 11 1702 ,
126 1651 179 1714 De
192 1665 261 1712 nata
274 1664 304 1713 et
314 1671 443 1735 genero,
458 1663 566 1732 nepte,
579 1662 708 1731 nepote,
723 1650 798 1712 viro.

89 1745 214 1810 Credite
227 1743 414 1806 Christicolae
426 1744 524 1806 vivam
536 1787 545 1818 ,
559 1743 628 1821 quia
641 1743 768 1804 credidit
781 1743 833 1804 illa
846 1767 858 1805 a

126 1839 206 1901 Non
219 1838 296 1900 hanc
306 1835 379 1898 llere
394 1838 478 1900 decet
492 1856 582 1916 quarn
596 1837 749 1918 paradisus
761 1837 860 1900 habet.

89 1993 145 2047 Vll.
161 1991 216 2042 DE
236 1990 378 2043 HORTO
401 1989 765 2044 ULTROGOTHONIS
787 1989 986 2045 REGINAE,

92 2105 168 2190 Htc
179 2148 234 2190 ver
244 2147 429 2208 purpureum
442 2126 600 2187 viridantia
612 2127 748 2208 gramina
761 2128 871 2212 gignit,

130 2221 174 2282 Et
185 2220 381 2304 paradisiacas
396 2219 508 2301 spargit·
519 2221 613 2279 odore
628 2238 717 2280 rosas.

92 2315 157 2378 llic
168 2327 255 2375 tener
266 2313 379 2374 aestivas
390 2313 524 2373 defendit
535 2314 695 2394 pampinus
708 2316 844 2391 umbras,

134 2405 256 2468 Praebet
269 2419 298 2467 et
308 2407 429 2468 uviferis
442 2405 568 2466 lrondea
579 2418 655 2467 tecta
669 2408 775 2469 comis.

93 2498 318 2580 Pinxeruntque
331 2499 432 2562 locum
442 2500 555 2563 variato
568 2501 708 2583 germine·
716 2501 825 2581 lloree,

136 2591 293 2673 Pomaque
305 2595 422 2655 vestivit
433 2595 546 2656 candor
559 2594 670 2654 atinde
683 2595 787 2658 rubor.

94 2685 207 2752 Mitior
218 2687 267 2750 hic
277 2700 375 2763 aestas,
388 2686 440 2748 ubi
454 2686 541 2748 molli
552 2686 662 2747 blanda
673 2708 812 2766 susurro,

136 2781 222 2841 Aura
233 2779 306 2840 levis
318 2801 440 2861 semper
451 2779 582 2862 pendula
595 2779 673 2840 mala
685 2782 788 2860 quatit.

95 2872 175 2936 llaec
187 2894 297 2956 magno
310 2874 435 2934 inseruit
446 2894 499 2934 rer
511 2871 722 2935 Childebertus
734 2895 857 2952 amore,

140 2964 249 3028 Carius
262 2967 315 3028 ista
325 2967 445 3048 placent
458 2988 523 3046 qnae
536 2986 641 3026 manus
654 2965 705 3027 illa
716 2969 807 3029 dedit.

95 3057 147 3122 De
162 3059 276 3126 cultore
289 3060 379 3120 trahit
391 3058 540 3122 mellitum
552 3059 656 3140 planta
666 3080 823 3141 saporem,

139 3153 259 3218 Forsan
270 3166 300 3220 et
311 3153 360 3219 hic
370 3152 475 3218 tacitos
489 3153 608 3218 miscuit
619 3152 670 3216 ille
683 3153 777 3217 savos.
