2222 3852
150 313 211 381 250
408 326 440 378 v.
460 326 494 379 n.
515 325 768 381 rouruusrt

149 423 240 486 Mens
250 438 394 504 generosa
404 420 460 480 tili
473 421 606 501 pretioso
619 421 733 484 lumine
745 421 855 506 fulget,

192 515 271 595 Quae
283 515 398 576 meritis
409 514 541 596 propriis
554 513 747 596 amplificavit
759 535 838 577 avos.

149 609 255 672 Floret
268 609 424 690 posteritas
437 629 493 690 per
506 628 596 688 quem
609 627 661 668 sua
673 609 779 673 erescit
791 609 893 693 origo,

191 701 233 764 Et
244 703 313 764 lacit
324 703 461 782 antiquos
472 708 590 785 surgere
604 701 690 763 laude
703 713 812 784 patres.

149 795 234 860 Natu
246 797 270 857 si
280 796 436 877 proelertur
448 795 564 878 generis
575 797 625 874 qui
638 808 734 859 servat
746 795 896 856 honorem
904 795 923 871 ‚¹

193 889 315 969 Quanta
326 890 419 971 magis
431 887 495 948 laus
507 901 551 948 est
562 887 722 948 nobilitare
735 888 846 970 genus?

151 982 217 1064 Qui
230 983 313 1064 eupit
325 1002 395 1065 ergo
407 1003 494 1042 suum
506 981 593 1064 gestis
606 981 742 1042 attollere
755 1001 887 1056 nornen,

192 1076 248 1138 llle
260 1090 344 1137 tuum
355 1075 441 1137 velox
453 1075 676 1156 praemeditetur
689 1095 774 1155 opus.

149 1172 177 1235 A
191 1190 283 1252 parvo
296 1169 444 1249 incipiens
457 1169 540 1230 existi
552 1188 673 1248 semper
685 1167 717 1226 in
730 1165 841 1240 altum,

195 1263 313 1342 Perque
325 1262 431 1344 gradus
443 1281 550 1321 omnes
562 1259 693 1321 eulmina
704 1258 782 1320 celsa
792 1270 886 1319 tenes.

155 1355 361 1418 Theodericus
374 1373 465 1416 ovans
478 1354 595 1417 ornavit
606 1354 723 1414 honore
732 1352 908 1426 tribunum,

197 1446 343 1531 Surgendi
355 1447 520 1528 auspicium
533 1448 595 1527 jam
608 1446 664 1506 suit
674 1445 744 1506 inde
755 1457 848 1506 tuum.

152 1539 380 1604 Theodebertus
390 1541 471 1601 enim
486 1539 634 1602 comitivae
645 1537 770 1619 praemia
782 1537 888 1616 cessit,

197 1633 287 1694 Auxit
300 1646 329 1693 et
343 1632 494 1714 obsequiis
507 1630 624 1714 cingula
636 1631 723 1712 digna
735 1630 803 1716 tuis.

155 1724 242 1787 Vidit
255 1738 287 1786 ut
300 1724 433 1808 egregios
446 1724 564 1785 animos
577 1722 704 1784 meliora
715 1721 826 1783 mereri
833 1764 843 1797 ,

196 1817 272 1878 Mox
285 1817 378 1880 voluit
390 1817 515 1879 meritos
526 1815 710 1897 amplificare
722 1815 836 1898 gradus.

154 1911 287 1974 Instituit
300 1911 423 1993 cupiens
436 1923 468 1971 ut
483 1911 591 1970 deinde
604 1908 785 1970 domesticus
798 1926 893 1984 esses,

199 2002 329 2067 Crevisti
337 2004 453 2079 subito,
467 2003 559 2066 erevit
572 2013 602 2062 et
615 2000 681 2062 aula
694 1999 794 2061 simul.

152 2096 322 2160 Florebant
333 2097 447 2178 pariter
458 2096 627 2157 veneranda
638 2093 748 2175 palatia
759 2104 880 2168 tecum,

199 2191 362 2252 Plaudebat
374 2190 456 2274 vigili
469 2189 649 2271 dispositore
661 2188 779 2248 domus.

154 2280 363 2347 'l'lreodebaldi
377 2285 467 2347 etiam
480 2303 549 2346 cunt
562 2301 654 2363 parva
666 2280 790 2341 infantia
803 2278 892 2354 vixit,

198 2376 298 2460 Hujus
311 2378 343 2439 in
357 2376 499 2438 auxilium
512 2376 641 2436 maxima
655 2393 726 2437 cura
738 2373 803 2432 luit.

157 2469 285 2538 Actibus
296 2470 411 2531 eximiis
422 2469 464 2530 sie
477 2467 597 2550 publiea
609 2470 674 2549 jura
686 2465 824 2541 fovebat,

199 2562 244 2623 Ut
256 2566 395 2646 juvenem
406 2581 508 2644 regem
521 2561 660 2620 redderet
672 2578 734 2619 esse
747 2577 861 2619 senem.

156 2653 227 2736 lpse
237 2656 421 2739 gubernante
431 2653 522 2716 veluti
535 2653 560 2713 si
573 2665 655 2713 tutor
667 2653 801 2726 adesses,

200 2744 464 2826 Commissumque
475 2744 530 2807 tibi
543 2744 721 2826 proficiebat
732 2762 818 2825 opus.

159 2837 307 2900 Clotharii
320 2859 420 2900 rursus
433 2839 540 2922 magde
551 2838 722 2899 dominatus
732 2836 764 2897 in
777 2833 861 2912 aula,

201 2931 324 3013 Quique
337 2933 461 2992 domum
474 2931 566 2992 siusili
578 2931 662 3013 jussit
673 2949 776 2992 amore
790 2929 862 3012 regi.

158 3022 270 3086 Mutati
280 3046 379 3109 reges,
394 3045 446 3087 vos
459 3044 521 3084 non
532 3024 666 3084 mutastis
678 3024 825 3097 honores,

203 3114 421 3197 successorque
434 3129 501 3182 tuus
512 3129 544 3180 tu
555 3110 612 3180 tibi
626 3116 730 3202 dignus
741 3133 816 3180 eras
