2222 3844
284 262 336 347 V.
379 262 434 346 H.
475 262 877 356 FORTUNATI

469 521 539 594 DE
579 521 718 598 VITA

262 770 539 882 SANCTI
586 774 915 886 MARTINI

428 1088 555 1144 LIBER
583 1090 777 1145 TERTIUS.

151 1282 342 1370 Humerus
355 1306 668 1370 inbibulisfixasrerit
681 1309 812 1372 anchora
825 1312 913 1374 urin

149 1399 228 1462 Otia
240 1401 322 1464 lenta
334 1403 472 1479 trahens,
487 1415 517 1464 et
528 1404 618 1465 inerti
631 1405 720 1465 deute
731 1405 905 1485 quiescens,

147 1494 271 1558 Leviter
283 1497 418 1558 alludens
431 1499 503 1558 dum
516 1496 616 1558 sibilat
633 1517 705 1558 eura
718 1518 881 1579 soporem,

145 1590 188 1652 Ei
201 1611 257 1651 nos
269 1591 378 1652 umbra
390 1591 462 1674 tegit
474 1591 621 1651 viridante
633 1592 790 1673 crepidine
803 1592 897 1674 ripae,

145 1682 229 1749 Ecce
241 1705 347 1746 serena
359 1685 423 1745 dies
436 1683 555 1744 rutilata
570 1685 745 1766 crepuscula
756 1686 891 1767 profert,

144 1778 189 1842 Et
199 1778 321 1862 pelagus
334 1791 397 1839 rete
410 1790 501 1838 naula
514 1779 608 1860 petit,
623 1781 686 1861 jam
699 1779 784 1841 solvo
798 1780 957 1856 rudentes,

141 1871 242 1936 Littus
255 1873 456 1934 arundineum
468 1871 607 1952 linquens
620 1873 687 1935 levo
699 1875 822 1936 carbasa
833 1875 940 1936 veniis.

143 1969 226 2032 Ante
239 1989 296 2050 per
311 1966 478 2028 Hadriacas
489 1987 611 2048 spumas
624 1969 694 2028 dare
708 1967 774 2029 vela
785 1969 926 2044 videbar,

142 2062 281 2125 Turbine
295 2074 397 2144 raptus
409 2082 493 2141 aquae
504 2082 561 2143 per
572 2082 730 2123 murmura
743 2083 834 2126 renea
846 2063 974 2147 fragoris

145 2155 227 2220 Cum
241 2159 316 2220 dure
327 2155 481 2238 sulpitio,
496 2157 575 2217 bene
589 2157 672 2238 cujus
685 2157 723 2217 ab
737 2177 791 2219 ore
803 2171 931 2220 venusio

142 2251 272 2314 Martini
282 2270 382 2314 sacros
396 2249 491 2311 dulcis
504 2250 588 2310 stilus
601 2251 695 2310 edidit
709 2263 799 2314 actus.

82 2347 85 2356 '
143 2347 233 2427 Quos
245 2367 301 2430 ego
312 2346 367 2406 suh
381 2343 510 2429 geminis
524 2344 631 2405 claudo
643 2346 721 2426 pede
733 2365 823 2408 curro
834 2344 963 2420 libellis,

139 2439 267 2502 lusimus
280 2439 389 2524 egregii
403 2450 564 2501 contexens
577 2451 657 2522 gesta
668 2439 800 2520 patroni.

142 2534 260 2596 Rursus
273 2534 304 2594 in
316 2533 422 2596 oceani
437 2531 543 2593 videor
555 2531 632 2592 mihi
645 2534 769 2594 tendere
783 2531 908 2610 fluctus,

141 2630 244 2714 Majus
256 2631 313 2690 iter
325 2628 464 2711 gradiens
475 2627 529 2689 ubi
541 2648 573 2688 se
586 2627 661 2689 vada
673 2626 775 2710 glauca
788 2628 940 2702 relidunt,

139 2727 183 2789 Et
198 2723 304 2788 crescit
317 2735 433 2783 terrore
446 2723 559 2797 timor,
574 2733 656 2797 rate,
669 2721 768 2797 nube,
782 2722 956 2802 profundo:

139 2821 227 2882 Dum
239 2832 342 2878 tamen
357 2815 416 2876 alla
429 2829 520 2897 peto,
538 2827 659 2876 resonet
670 2815 746 2875 mihi
763 2814 856 2898 gallus
870 2815 987 2876 inaure

142 2915 238 2978 Gesta
250 2913 338 2975 beata
351 2910 425 2987 viri,
441 2931 500 2992 qua
512 2909 629 2992 mitiget
641 2910 721 2969 unda
734 2922 906 2986 tumorem,

140 3007 184 3071 Et
196 3025 337 3070 sermone
351 3004 433 3066 viam
446 3004 559 3065 relevet
572 3000 633 3062 sale
645 3001 746 3063 sabula
758 3003 874 3064 dulcis:

139 3103 276 3168 Deseror
288 3119 358 3166 ecee
369 3098 468 3176 freto,
488 3097 604 3181 fugiunt
618 3108 648 3160 et
660 3096 762 3160 linora
775 3098 893 3178 visum,
