2222 3844
228 321 280 403 v.
306 319 361 402 u.
393 255 788 405 rour'uutrr

395 571 467 642 DE
503 568 634 642 VITA

188 823 456 932 SANCTI
507 822 825 934 MARTINI

353 1165 480 1219 LIBER
512 1165 683 1222 PRIMUS.

69 1332 799 1440 Anrrrnnonvspostquamrepedavitadaethera
807 1353 955 1432 Christus,

44 1467 51 1476 “
71 1450 175 1514 Carne
188 1452 365 1533 triumphali
375 1453 511 1516 victricia
522 1453 605 1534 signa
616 1462 795 1533 reportans,

69 1545 207 1631 inclytus
219 1545 330 1607 inferni
343 1544 472 1626 spoliato
486 1565 606 1608 carcere
619 1545 722 1619 dives,

68 1639 211 1701 Tartarei
224 1640 393 1721 reprimens
406 1639 511 1700 feralia
522 1641 588 1722 jura
601 1638 740 1724 tyranni,

68 1733 111 1796 Et
127 1733 228 1818 Stygis
241 1734 434 1814 omnipotens
447 1733 637 1794 adamantina
648 1733 774 1796 claustra
787 1731 923 1809 revellit,

70 1827 152 1890 Sede
165 1829 231 1890 fera
242 1829 349 1911 populi
361 1828 451 1912 longa
464 1827 589 1911 caligine
602 1829 692 1903 tecti,

72 1921 240 2004 Captivum
251 1923 405 1984 retrahens
416 1922 532 1984 sonibus
542 1921 745 2003 bipatentibus
758 1940 866 2003 agmen

70 2016 213 2078 Millibus
227 2017 357 2098 ereptis:
371 2037 443 2100 ergo
455 2029 500 2078 est
512 2029 544 2077 nt
555 2017 687 2077 redditus
699 2016 804 2092 astris,

70 2108 112 2172 Et
126 2113 221 2196 patris
234 2111 265 2170 in
279 2111 357 2170 solio
369 2112 447 2172 sedit
459 2130 511 2172 sua
523 2112 641 2172 dextera
654 2112 777 2186 dexter,

72 2204 152 2284 Quae
166 2217 356 2267 conversatus
367 2205 489 2265 dederat
500 2205 644 2266 miracula
656 2205 746 2267 terris

72 2296 172 2359 Multa
183 2297 345 2380 evangelici
358 2311 508 2359 reserante
522 2299 677 2360 volumine
691 2299 782 2371 libri,

74 2390 245 2455 Hebraicus
257 2391 366 2455 cecinit
378 2392 489 2477 stylus,
510 2393 616 2454 atticus
629 2404 717 2470 atque
730 2390 859 2467 latinus,

73 2484 217 2548 Prosuico
233 2487 345 2569 digesta
356 2486 431 2562 situ,
447 2507 610 2548 commune
622 2498 738 2548 rotatu:

72 2579 195 2641 Primus
207 2580 290 2641 enim
304 2579 396 2643 docili
409 2581 591 2665 distinguens
604 2581 710 2644 ordine
720 2591 864 2659 carmen,

72 2673 240 2758 Majestntis
252 2695 327 2755 opus
339 2676 428 2736 metri
443 2677 522 2738 canit
535 2691 597 2739 arte
611 2677 775 2739 Juvencns.

72 2768 157 2832 Hinc
170 2789 291 2849 quoque
305 2770 459 2851 conspicui
473 2771 599 2832 radiavit
612 2771 712 2855 lingua
723 2769 850 2847 Seduli,

72 2863 231 2944 Paucaque
244 2865 414 2946 perstrinxit
425 2863 552 2927 florente
567 2864 726 2927 Orientins
741 2885 815 2940 ore,

73 2956 318 3039 Martyribusque
331 2960 391 3041 piis
402 2980 485 3022 sacra
497 2961 560 3022 haec
573 2960 699 3021 donaria
712 2960 835 3021 mittens

73 3050 211 3114 Prudens
223 3054 387 3134 prudenter
401 3052 581 3116 Prudentius
594 3053 733 3114 immolat
746 3067 836 3116 actus.
873 3097 876 3104 Δ

76 3145 241 3215 stemmate
253 3192 262 3228 ,
276 3149 387 3231 corde,
402 3149 460 3217 fide
473 3149 594 3233 pollens
605 3147 750 3214 Paulinus
758 3163 788 3210 et
803 3161 868 3210 arte
959 3190 961 3198 ·
994 3171 1000 3185 ·

762 3266 790 3305 2.
