2222 3852
237 353 363 441 V.H.
388 355 789 447 FORTUNATI

298 648 736 756 POEMATUM

345 964 474 1022 moun
497 969 697 1037 Qumrus.

162 1202 184 1250 l.
212 1199 272 1250 DE
288 1201 458 1255 NUPTllS
477 1203 708 1261 SIGEBER'I'l
725 1208 868 1276 REGIS,

263 1293 603 1350 annuncnruntsouz
621 1300 771 1352 snorum.

62 1395 233 1480 Furem
247 1420 294 1479 sol
306 1423 405 1502 pande
420 1423 524 1498 diem,
534 1423 684 1504 radiisque
697 1424 811 1487 serenis

66 1511 189 1597 Sparge
203 1535 323 1592 comas,
337 1516 483 1578 thalamos
496 1519 613 1582 sincero
627 1519 742 1580 lumine
755 1520 925 1603 complens.

74 1605 250 1690 sigebertus
261 1629 352 1671 ovans
365 1612 402 1671 ad
414 1613 521 1695 gaudia
531 1626 635 1674 nostra
645 1627 760 1675 creatus

73 1700 155 1764 Vota
168 1703 259 1777 facit,
273 1704 326 1783 qui
336 1725 415 1768 nunc
428 1705 528 1768 alieno
541 1706 619 1768 liher
630 1727 735 1768 amore

67 1796 207 1860 Vincula
221 1817 289 1860 cara
302 1798 397 1876 subit,
413 1802 495 1883 cujus
508 1802 685 1862 moderante
698 1803 836 1885 juventa,

72 1889 275 1954 Connubium
289 1913 375 1954 mens
389 1907 466 1956 casta
479 1895 572 1975 petit,
588 1895 695 1958 lasciva
707 1899 893 1974 retundens,

73 1985 122 2047 Ad
131 1987 203 2069 juga
215 1986 365 2070 confugit,
380 1989 429 2050 cui
439 1988 483 2050 nil
493 2009 545 2050 sua
557 1990 686 2072 subripit
696 2002 774 2051 setas.

72 2080 180 2146 Corde
194 2081 320 2162 pudrcus
331 2103 437 2165 agens,
452 2095 553 2144 rector
564 2097 608 2144 tot
620 2085 758 2166 gentihus
771 2104 869 2161 unus,

70 2174 113 2236 Et
125 2175 186 2236 sihi
202 2173 293 2236 fraena
306 2177 405 2251 dedit,
417 2179 471 2238 sed
482 2178 564 2256 quod
577 2190 680 2238 natura
692 2178 835 2257 requirit,

73 2268 154 2355 Lege
167 2268 299 2331 maritali
312 2270 450 2353 amplexu
464 2284 506 2332 est
520 2284 677 2334 contentus
689 2272 719 2331 in
734 2292 813 2346 uno,
924 2305 929 2313 ι

73 2364 150 2444 Quo
163 2383 227 2424 non
242 2377 345 2444 peccat
356 2386 459 2442 amor,
474 2366 527 2426 sed
540 2379 618 2427 casta
631 2365 741 2427 cubilia
754 2384 873 2426 servans

68 2457 224 2519 lnsraurat
236 2459 273 2519 de
285 2457 371 2539 prole
386 2457 478 2521 Lares
491 2460 543 2521 uhi
556 2459 659 2521 luserit
673 2460 777 2521 haeres.

71 2550 179 2612 Torsit
193 2552 369 2616 amoriferas
382 2574 453 2616 arcu
464 2553 606 2615 stridente
620 2555 736 2636 sagittas

70 2644 171 2707 Forte
184 2643 308 2728 Cupido
321 2647 424 2709 volans
437 2648 524 2710 terris
537 2669 628 2729 genus
641 2668 731 2709 omne
744 2646 881 2729 perurit,

70 2739 145 2801 Nec
158 2738 281 2823 pelagus
294 2741 426 2802 defendit
441 2762 546 2821 aquas,
561 2762 632 2800 mox
645 2741 715 2803 vilia
729 2743 820 2803 corda

71 2832 187 2894 Subdit
200 2834 301 2917 vulgus
314 2835 409 2908 iners;
425 2837 546 2896 tandem
559 2835 667 2896 dehinc
678 2856 780 2896 sensus
794 2835 918 2917 opimus

69 2927 168 3010 Regis
181 2928 371 2990 anhelantem
386 2929 511 3012 placidis
523 2929 602 2990 bibit
616 2929 730 2990 ossibus
743 2931 861 3012 ignem,

70 3019 217 3082 Molliter
230 3023 408 3085 incumbens
421 3037 450 3085 et
463 3023 578 3084 inhaesit
592 3021 714 3084 flamma
728 3021 876 3083 medullis.

69 3114 198 3197 Regalis
210 3116 344 3178 fervebat
357 3138 446 3200 apex,
458 3140 515 3180 nec
529 3129 616 3178 nocte
631 3137 741 3199 sopora

70 3205 189 3272 Cordis
202 3223 266 3273 erat
277 3213 395 3294 requies
407 3211 501 3276 oculis
513 3212 675 3291 animoque
687 3229 848 3274 recurrens
