2222 3844
131 295 173 358 3ο
394 307 428 360 V·
447 305 481 361 Η.
509 305 761 360 FORTUNA'I’I

130 399 192 462 Vir
205 401 327 482 quidam
339 411 469 462 tractans
479 397 607 461 Martini
619 399 656 461 de
669 393 762 477 nece,
778 397 908 465 cultrum

130 495 218 559 Dum
230 496 325 579 rapit,
339 496 466 577 eripitur
478 493 623 578 rapienda
635 494 742 576 rapina
753 496 874 578 rapaci,

129 590 355 672 Excussamque
369 591 442 676 fugit
453 591 518 653 sine
531 609 618 652 more
631 590 752 654 volatile
767 592 883 658 ferrum

130 685 155 746 J
156 707 205 748 am
217 686 331 748 leviore
344 686 412 764 via,
429 707 527 766 neque
542 699 610 769 post
622 687 792 770 comparuit
803 709 939 770 usquam.

132 777 185 844 Sic
199 780 294 844 cultro
309 780 409 843 ablato
420 782 578 859 manibus,
592 780 669 842 latro
683 782 777 843 extitit
790 782 911 860 insons,

130 873 282 936 Redditur
295 889 325 937 et
336 875 437 953 mitis,
452 889 613 959 postquam
627 875 660 937 fit
672 877 769 938 nudus
782 877 819 938 ab
833 879 945 956 armis,

128 967 200 1032 Nec
212 970 297 1032 soror
308 983 376 1032 ante
390 971 484 1032 animi
499 971 638 1054 periens,
654 971 760 1033 nitela
772 972 920 1054 perissent
932 997 939 1034 t

129 1060 229 1126 Invita
241 1063 304 1128 baec
315 1065 410 1147 pietas
424 1087 489 1146 quae
503 1065 635 1149 perdidit
649 1067 728 1128 unde
741 1080 874 1131 noceret.

135 1192 211 1247 UBI
236 1193 673 1250 CONTRADICENTIBUS
702 1195 886 1252 Paotttts
908 1199 1018 1254 FANA

451 1298 693 1341 ostentante.

130 1371 228 1458 Sinon
240 1395 345 1458 beatus
358 1396 441 1460 idem
454 1396 728 1460 contradicentibus
742 1396 815 1478 ipsis

127 1487 297 1574 Agricolis‚
312 1504 470 1573 praestante
483 1491 560 1566 lide,
574 1511 605 1552 se
620 1503 725 1551 orante
738 1489 883 1573 jubebat‚'

127 1580 175 1643 Ut
186 1584 265 1645 male
278 1584 356 1648 culta
369 1584 429 1646 suis
444 1585 585 1647 caderent
599 1584 661 1645 fera
674 1584 742 1646 fana
755 1583 899 1644 ministris
912 1606 920 1644 ε

129 1674 182 1740 Sic
194 1699 314 1759 quoque
324 1678 502 1760 pontificem
514 1678 595 1740 soliti
607 1678 784 1762 impugnare
798 1676 945 1754 rebelles,

127 1768 215 1833 Dum
228 1771 343 1854 templa
355 1784 509 1848 evertunt,
525 1771 583 1855 ipsi
595 1784 663 1834 sunt
677 1791 760 1833 arma
772 1772 879 1849 beato,

128 1863 304 1947 Hostiliqoe
318 1885 411 1934 manu
423 1865 550 1928 Martini
562 1866 642 1930 bella
653 1880 816 1951 geruntur,

126 1957 270 2022 Partibus
282 1974 369 2042 atque
382 1961 442 2026 suis
455 1961 555 2025 alieno
568 1961 665 2023 milite
676 1961 780 2025 vincit.

158 2089 209 2140 DE
227 2091 474 2158 Plnfflmcn,
495 2092 601 2162 Quum
619 2090 775 2146 cunsvt‘r
794 2091 986 2146 annuunt&

127 2192 330 2295 Quinoutsts
344 2209 434 2273 suerit
444 2210 558 2273 curatio
573 2222 684 2290 quanta
694 2220 844 2292 patrono,

126 2305 251 2388 Quanta
263 2305 442 2369 medelifero
455 2305 587 2366 manavit
599 2304 693 2390 gratia
706 2315 805 2378 tactu,

123 2399 278 2466 Laudibus
292 2404 323 2465 in
337 2401 426 2463 tantis
438 2413 522 2462 muta
536 2413 580 2462 est
590 2398 728 2463 facundia
743 2396 870 2472 mundi,

126 2495 232 2578 Quem
244 2498 358 2578 cunctis
371 2496 498 2570 vidisse,
514 2493 570 2555 suit
581 2493 725 2555 meruisse
738 2492 874 2554 salutem.

124 2590 181 2653 Est
193 2592 263 2654 satis
277 2592 341 2674 ipse
355 2611 424 2651 suus
438 2589 520 2650 testis
533 2609 695 2672 generosus
709 2601 738 2650 et
749 2599 874 2664 auctor,

122 2685 189 2769 Qui
204 2687 357 2769 quondam
370 2685 542 2769 ingrediens
555 2682 754 2746 Trevirorum
766 2681 879 2744 moenio
891 2679 975 2742 mitis

123 2780 197 2864 Qua
210 2779 340 2843 resoluta
352 2779 404 2841 diu
414 2801 470 2861 per
483 2778 597 2840 viscera
610 2775 686 2840 lluxa
699 2778 815 2862 rigebat

122 2877 241 2940 Tabida
254 2875 399 2961 paralysis
409 2874 509 2961 gelido
524 2872 666 2958 languore
682 2871 801 2954 puella,

120 2971 260 3035 Flatibus
272 2971 412 3036 extremis
424 2969 507 3054 quasi
520 2969 583 3052 jam
598 2968 635 3029 de
650 2967 754 3028 sunere
767 2964 889 3036 vivens;

124 3067 220 3153 Cujus
231 3081 317 3132 erant
328 3065 408 3131 oculi
421 3063 526 3151 vigiles
540 3061 673 3126 custodia
686 3059 813 3136 mortis,

119 3161 248 3228 Funeris
260 3162 396 3246 exequias
410 3159 567 3225 reddentia
578 3157 694 3222 lumina
705 3153 872 3230 membris,

1103 533 1106 570 l
