<?xml version="1.0" encoding="UTF-8"?>
<!DOCTYPE html PUBLIC "-//W3C//DTD XHTML 1.0 Transitional//EN"
    "http://www.w3.org/TR/xhtml1/DTD/xhtml1-transitional.dtd">
<html xmlns="http://www.w3.org/1999/xhtml" xml:lang="en" lang="en">
 <head>
  <title>
</title>
<meta http-equiv="Content-Type" content="text/html;charset=utf-8" />
  <meta name='ocr-system' content='tesseract 3.04.00' />
  <meta name='ocr-capabilities' content='ocr_page ocr_carea ocr_par ocr_line ocrx_word'/>
</head>
<body>
  <div class='ocr_page' id='page_1' title='image "./venantiihonorii00unkngoog_0160.png"; bbox 0 0 2230 3838; ppageno 0'>
   <div class='ocr_carea' id='block_1_1' title="bbox 170 295 984 853">
    <p class='ocr_par' dir='ltr' id='par_1_1' title="bbox 175 295 794 482">
     <span class='ocr_line' id='line_1_1' title="bbox 175 295 792 374; baseline 0.018 -19"><span class='ocrx_word' id='word_1_1' title='bbox 175 295 235 370; x_wconf 59' lang='lat' dir='ltr'>llpd,</span> <span class='ocrx_word' id='word_1_2' title='bbox 418 309 452 362; x_wconf 80' lang='lat' dir='ltr'>V.</span> <span class='ocrx_word' id='word_1_3' title='bbox 476 311 512 363; x_wconf 82' lang='lat' dir='ltr'>ll.</span> <span class='ocrx_word' id='word_1_4' title='bbox 540 311 792 374; x_wconf 76' lang='lat' dir='ltr'>FonwttATI</span> 
     </span>
     <span class='ocr_line' id='line_1_2' title="bbox 213 399 794 482; baseline 0.01 -24"><span class='ocrx_word' id='word_1_5' title='bbox 213 399 290 460; x_wconf 88' lang='lat' dir='ltr'>Jure</span> <span class='ocrx_word' id='word_1_6' title='bbox 303 399 461 460; x_wconf 91' lang='lat' dir='ltr'>sacerdotii</span> <span class='ocrx_word' id='word_1_7' title='bbox 475 399 571 461; x_wconf 91' lang='lat' dir='ltr'>cultor</span> <span class='ocrx_word' id='word_1_8' title='bbox 582 415 707 482; x_wconf 87' lang='lat' dir='ltr'>uterque</span> <span class='ocrx_word' id='word_1_9' title='bbox 720 404 794 464; x_wconf 85' lang='lat' dir='ltr'>Dei.</span> 
     </span>
    </p>

    <p class='ocr_par' dir='ltr' id='par_1_2' title="bbox 170 492 984 669">
     <span class='ocr_line' id='line_1_3' title="bbox 170 492 984 578; baseline 0.009 -26"><span class='ocrx_word' id='word_1_10' title='bbox 170 492 339 574; x_wconf 80' lang='lat' dir='ltr'>inspectata</span> <span class='ocrx_word' id='word_1_11' title='bbox 351 492 403 553; x_wconf 92' lang='lat' dir='ltr'>diu</span> <span class='ocrx_word' id='word_1_12' title='bbox 416 493 483 552; x_wconf 87' lang='lat' dir='ltr'>data</span> <span class='ocrx_word' id='word_1_13' title='bbox 493 514 572 564; x_wconf 88' lang='lat' dir='ltr'>nunc</span> <span class='ocrx_word' id='word_1_14' title='bbox 584 498 781 557; x_wconf 86' lang='lat' dir='ltr'>memoranda</span> <span class='ocrx_word' id='word_1_15' title='bbox 794 516 852 578; x_wconf 88' lang='lat' dir='ltr'>per</span> <span class='ocrx_word' id='word_1_16' title='bbox 864 519 960 559; x_wconf 84' lang='lat' dir='ltr'>aerum</span> <span class='ocrx_word' id='word_1_17' title='bbox 972 543 984 576; x_wconf 88' lang='lat'>,</span> 
     </span>
     <span class='ocr_line' id='line_1_4' title="bbox 212 585 809 669; baseline 0.008 -24"><span class='ocrx_word' id='word_1_18' title='bbox 212 586 304 647; x_wconf 84' lang='lat' dir='ltr'>Votis</span> <span class='ocrx_word' id='word_1_19' title='bbox 316 585 405 667; x_wconf 86' lang='lat' dir='ltr'>plena</span> <span class='ocrx_word' id='word_1_20' title='bbox 418 587 476 666; x_wconf 93' lang='lat' dir='ltr'>piis</span> <span class='ocrx_word' id='word_1_21' title='bbox 489 587 579 669; x_wconf 81' lang='lat' dir='ltr'><strong>fulget</strong></span> <span class='ocrx_word' id='word_1_22' title='bbox 594 588 625 647; x_wconf 93' lang='lat' dir='ltr'>in</span> <span class='ocrx_word' id='word_1_23' title='bbox 638 590 715 650; x_wconf 88' lang='lat' dir='ltr'>orbe</span> <span class='ocrx_word' id='word_1_24' title='bbox 729 590 809 650; x_wconf 88' lang='lat' dir='ltr'>dies:</span> 
     </span>
    </p>

    <p class='ocr_par' dir='ltr' id='par_1_3' title="bbox 172 680 908 853">
     <span class='ocr_line' id='line_1_5' title="bbox 172 680 908 764; baseline 0.005 -24"><span class='ocrx_word' id='word_1_25' title='bbox 172 680 209 741; x_wconf 93' lang='lat' dir='ltr'>ln</span> <span class='ocrx_word' id='word_1_26' title='bbox 222 700 279 759; x_wconf 88' lang='lat' dir='ltr'>qua</span> <span class='ocrx_word' id='word_1_27' title='bbox 292 681 460 760; x_wconf 82' lang='lat' dir='ltr'>promeruit</span> <span class='ocrx_word' id='word_1_28' title='bbox 471 702 524 741; x_wconf 87' lang='lat' dir='ltr'>sua</span> <span class='ocrx_word' id='word_1_29' title='bbox 534 681 640 763; x_wconf 82' lang='lat' dir='ltr'>gaudia</span> <span class='ocrx_word' id='word_1_30' title='bbox 652 704 774 745; x_wconf 87' lang='lat' dir='ltr'>cernere</span> <span class='ocrx_word' id='word_1_31' title='bbox 787 696 908 764; x_wconf 89' lang='lat' dir='ltr'>pastor,</span> 
     </span>
     <span class='ocr_line' id='line_1_6' title="bbox 216 771 801 853; baseline 0.007 -21"><span class='ocrx_word' id='word_1_32' title='bbox 216 771 389 853; x_wconf 87' lang='lat' dir='ltr'>Officioque</span> <span class='ocrx_word' id='word_1_33' title='bbox 403 793 487 835; x_wconf 91' lang='lat' dir='ltr'>sacro</span> <span class='ocrx_word' id='word_1_34' title='bbox 501 775 625 835; x_wconf 84' lang='lat' dir='ltr'>reddere</span> <span class='ocrx_word' id='word_1_35' title='bbox 639 789 707 838; x_wconf 85' lang='lat' dir='ltr'>vota</span> <span class='ocrx_word' id='word_1_36' title='bbox 721 774 801 837; x_wconf 90' lang='lat' dir='ltr'>Deo.</span> 
     </span>
    </p>
   </div>
   <div class='ocr_carea' id='block_1_2' title="bbox 72 867 930 950">
    <p class='ocr_par' dir='ltr' id='par_1_4' title="bbox 72 867 930 950">
     <span class='ocr_line' id='line_1_7' title="bbox 72 867 930 950; baseline 0.001 -20"><span class='ocrx_word' id='word_1_37' title='bbox 72 935 76 938; x_wconf 66' lang='grc'><strong>,</strong></span> <span class='ocrx_word' id='word_1_38' title='bbox 172 867 329 949; x_wconf 84' lang='lat' dir='ltr'>Tempore</span> <span class='ocrx_word' id='word_1_39' title='bbox 342 868 393 946; x_wconf 88' lang='lat' dir='ltr'>qui</span> <span class='ocrx_word' id='word_1_40' title='bbox 405 867 494 950; x_wconf 83' lang='lat' dir='ltr'>longo</span> <span class='ocrx_word' id='word_1_41' title='bbox 508 868 636 929; x_wconf 89' lang='lat' dir='ltr'>adventu</span> <span class='ocrx_word' id='word_1_42' title='bbox 648 870 798 950; x_wconf 82' lang='lat' dir='ltr'>pendebat</span> <span class='ocrx_word' id='word_1_43' title='bbox 809 869 840 929; x_wconf 94' lang='lat' dir='ltr'>in</span> <span class='ocrx_word' id='word_1_44' title='bbox 854 869 930 947; x_wconf 90' lang='lat' dir='ltr'>isto,</span> 
     </span>
    </p>
   </div>
   <div class='ocr_carea' id='block_1_3' title="bbox 142 960 1025 2916">
    <p class='ocr_par' dir='ltr' id='par_1_5' title="bbox 142 960 1025 2916">
     <span class='ocr_line' id='line_1_8' title="bbox 213 960 867 1043; baseline 0 -21"><span class='ocrx_word' id='word_1_45' title='bbox 213 960 394 1043; x_wconf 89' lang='lat' dir='ltr'>Despiciens</span> <span class='ocrx_word' id='word_1_46' title='bbox 404 960 499 1036; x_wconf 89' lang='lat' dir='ltr'>aliud,</span> <span class='ocrx_word' id='word_1_47' title='bbox 513 961 572 1022; x_wconf 94' lang='lat' dir='ltr'>hoc</span> <span class='ocrx_word' id='word_1_48' title='bbox 585 975 648 1022; x_wconf 86' lang='lat' dir='ltr'>erat</span> <span class='ocrx_word' id='word_1_49' title='bbox 661 963 759 1022; x_wconf 89' lang='lat' dir='ltr'>omnis</span> <span class='ocrx_word' id='word_1_50' title='bbox 771 982 867 1023; x_wconf 82' lang='lat' dir='ltr'>arnor.</span> 
     </span>
     <span class='ocr_line' id='line_1_9' title="bbox 175 1053 915 1135; baseline 0.003 -21"><span class='ocrx_word' id='word_1_51' title='bbox 175 1053 292 1115; x_wconf 89' lang='lat' dir='ltr'>Omnia</span> <span class='ocrx_word' id='word_1_52' title='bbox 303 1067 366 1114; x_wconf 89' lang='lat' dir='ltr'>tuta</span> <span class='ocrx_word' id='word_1_53' title='bbox 378 1053 486 1131; x_wconf 88' lang='lat' dir='ltr'>timens</span> <span class='ocrx_word' id='word_1_54' title='bbox 498 1067 636 1135; x_wconf 91' lang='lat' dir='ltr'>suspecto</span> <span class='ocrx_word' id='word_1_55' title='bbox 651 1055 683 1115; x_wconf 94' lang='lat' dir='ltr'>in</span> <span class='ocrx_word' id='word_1_56' title='bbox 696 1057 815 1116; x_wconf 91' lang='lat' dir='ltr'>tramite</span> <span class='ocrx_word' id='word_1_57' title='bbox 828 1056 915 1132; x_wconf 87' lang='lat' dir='ltr'>vitae,</span> 
     </span>
     <span class='ocr_line' id='line_1_10' title="bbox 215 1145 882 1229; baseline 0.003 -20"><span class='ocrx_word' id='word_1_58' title='bbox 215 1145 268 1209; x_wconf 89' lang='lat' dir='ltr'>Ne</span> <span class='ocrx_word' id='word_1_59' title='bbox 282 1147 365 1229; x_wconf 91' lang='lat' dir='ltr'>prius</span> <span class='ocrx_word' id='word_1_60' title='bbox 378 1147 435 1206; x_wconf 90' lang='lat' dir='ltr'>iret</span> <span class='ocrx_word' id='word_1_61' title='bbox 446 1146 521 1223; x_wconf 88' lang='lat' dir='ltr'>iter,</span> <span class='ocrx_word' id='word_1_62' title='bbox 535 1169 625 1226; x_wconf 90' lang='lat' dir='ltr'>quam</span> <span class='ocrx_word' id='word_1_63' title='bbox 639 1150 721 1208; x_wconf 90' lang='lat' dir='ltr'>daret</span> <span class='ocrx_word' id='word_1_64' title='bbox 734 1149 790 1208; x_wconf 89' lang='lat' dir='ltr'>ista</span> <span class='ocrx_word' id='word_1_65' title='bbox 802 1148 882 1211; x_wconf 88' lang='lat' dir='ltr'>Deo.</span> 
     </span>
     <span class='ocr_line' id='line_1_11' title="bbox 176 1239 843 1323; baseline 0.001 -21"><span class='ocrx_word' id='word_1_66' title='bbox 176 1239 291 1323; x_wconf 84' lang='lat' dir='ltr'>Saepius</span> <span class='ocrx_word' id='word_1_67' title='bbox 303 1240 452 1303; x_wconf 86' lang='lat' dir='ltr'>occultans</span> <span class='ocrx_word' id='word_1_68' title='bbox 465 1241 593 1321; x_wconf 86' lang='lat' dir='ltr'>suspiria</span> <span class='ocrx_word' id='word_1_69' title='bbox 606 1241 680 1302; x_wconf 88' lang='lat' dir='ltr'>lassa</span> <span class='ocrx_word' id='word_1_70' title='bbox 693 1243 843 1318; x_wconf 87' lang='lat' dir='ltr'>trahebat,</span> 
     </span>
     <span class='ocr_line' id='line_1_12' title="bbox 217 1334 906 1416; baseline 0 -20"><span class='ocrx_word' id='word_1_71' title='bbox 217 1334 347 1396; x_wconf 87' lang='lat' dir='ltr'>Cederet</span> <span class='ocrx_word' id='word_1_72' title='bbox 359 1347 392 1394; x_wconf 90' lang='lat' dir='ltr'>ut</span> <span class='ocrx_word' id='word_1_73' title='bbox 405 1334 544 1394; x_wconf 90' lang='lat' dir='ltr'>dominus</span> <span class='ocrx_word' id='word_1_74' title='bbox 557 1335 616 1396; x_wconf 92' lang='lat' dir='ltr'>hoc</span> <span class='ocrx_word' id='word_1_75' title='bbox 628 1355 793 1416; x_wconf 88' lang='lat' dir='ltr'>properare</span> <span class='ocrx_word' id='word_1_76' title='bbox 808 1337 906 1397; x_wconf 90' lang='lat' dir='ltr'>decus.</span> 
     </span>
     <span class='ocr_line' id='line_1_13' title="bbox 173 1427 827 1514; baseline -0.002 -24"><span class='ocrx_word' id='word_1_77' title='bbox 173 1428 287 1490; x_wconf 76' lang='lat' dir='ltr'>Anxius</span> <span class='ocrx_word' id='word_1_78' title='bbox 299 1428 414 1490; x_wconf 90' lang='lat' dir='ltr'>incerto</span> <span class='ocrx_word' id='word_1_79' title='bbox 428 1447 566 1490; x_wconf 86' lang='lat' dir='ltr'>curarum</span> <span class='ocrx_word' id='word_1_80' title='bbox 580 1428 657 1490; x_wconf 81' lang='lat' dir='ltr'>fasce</span> <span class='ocrx_word' id='word_1_81' title='bbox 669 1427 827 1514; x_wconf 84' lang='lat' dir='ltr'>laborans,</span> 
     </span>
     <span class='ocr_line' id='line_1_14' title="bbox 215 1521 970 1603; baseline 0.003 -21"><span class='ocrx_word' id='word_1_82' title='bbox 215 1521 302 1582; x_wconf 89' lang='lat' dir='ltr'>Dum</span> <span class='ocrx_word' id='word_1_83' title='bbox 313 1534 416 1582; x_wconf 86' lang='lat' dir='ltr'>votum</span> <span class='ocrx_word' id='word_1_84' title='bbox 430 1534 579 1602; x_wconf 75' lang='lat' dir='ltr'>expectat,</span> <span class='ocrx_word' id='word_1_85' title='bbox 593 1523 727 1602; x_wconf 89' lang='lat' dir='ltr'>pondera</span> <span class='ocrx_word' id='word_1_86' title='bbox 741 1535 859 1603; x_wconf 90' lang='lat' dir='ltr'>tempus</span> <span class='ocrx_word' id='word_1_87' title='bbox 873 1537 970 1584; x_wconf 90' lang='lat' dir='ltr'>erant.</span> 
     </span>
     <span class='ocr_line' id='line_1_15' title="bbox 177 1614 900 1696; baseline 0 -20"><span class='ocrx_word' id='word_1_88' title='bbox 177 1614 240 1676; x_wconf 89' lang='lat' dir='ltr'>Sed</span> <span class='ocrx_word' id='word_1_89' title='bbox 250 1617 310 1696; x_wconf 89' lang='lat' dir='ltr'>jam</span> <span class='ocrx_word' id='word_1_90' title='bbox 322 1614 411 1676; x_wconf 79' lang='lat' dir='ltr'>festus</span> <span class='ocrx_word' id='word_1_91' title='bbox 424 1615 520 1687; x_wconf 87' lang='lat' dir='ltr'>adest,</span> <span class='ocrx_word' id='word_1_92' title='bbox 535 1614 666 1676; x_wconf 88' lang='lat' dir='ltr'>solvatur</span> <span class='ocrx_word' id='word_1_93' title='bbox 677 1615 793 1676; x_wconf 79' lang='lat' dir='ltr'>sarcina</span> <span class='ocrx_word' id='word_1_94' title='bbox 806 1637 900 1691; x_wconf 89' lang='lat' dir='ltr'>curae,</span> 
     </span>
     <span class='ocr_line' id='line_1_16' title="bbox 218 1705 821 1790; baseline 0.003 -24"><span class='ocrx_word' id='word_1_95' title='bbox 218 1706 342 1768; x_wconf 85' lang='lat' dir='ltr'>Laetitiae</span> <span class='ocrx_word' id='word_1_96' title='bbox 355 1707 490 1769; x_wconf 88' lang='lat' dir='ltr'>cumulus</span> <span class='ocrx_word' id='word_1_97' title='bbox 501 1707 585 1769; x_wconf 88' lang='lat' dir='ltr'>triste</span> <span class='ocrx_word' id='word_1_98' title='bbox 598 1705 724 1790; x_wconf 85' lang='lat' dir='ltr'>repellat</span> <span class='ocrx_word' id='word_1_99' title='bbox 735 1729 821 1771; x_wconf 90' lang='lat' dir='ltr'>onus.</span> 
     </span>
     <span class='ocr_line' id='line_1_17' title="bbox 177 1800 1010 1885; baseline 0.005 -24"><span class='ocrx_word' id='word_1_100' title='bbox 177 1800 328 1882; x_wconf 88' lang='lat' dir='ltr'>Prospera</span> <span class='ocrx_word' id='word_1_101' title='bbox 342 1801 414 1860; x_wconf 89' lang='lat' dir='ltr'>dans</span> <span class='ocrx_word' id='word_1_102' title='bbox 426 1801 547 1882; x_wconf 86' lang='lat' dir='ltr'>populis</span> <span class='ocrx_word' id='word_1_103' title='bbox 560 1813 588 1862; x_wconf 89' lang='lat' dir='ltr'>et</span> <span class='ocrx_word' id='word_1_104' title='bbox 601 1802 705 1884; x_wconf 82' lang='lat' dir='ltr'>gaudia</span> <span class='ocrx_word' id='word_1_105' title='bbox 717 1802 798 1885; x_wconf 82' lang='lat' dir='ltr'>larga</span> <span class='ocrx_word' id='word_1_106' title='bbox 810 1823 865 1883; x_wconf 88' lang='lat' dir='ltr'>per</span> <span class='ocrx_word' id='word_1_107' title='bbox 879 1803 1010 1881; x_wconf 86' lang='lat' dir='ltr'>urbem,</span> 
     </span>
     <span class='ocr_line' id='line_1_18' title="bbox 219 1891 769 1978; baseline 0.002 -24"><span class='ocrx_word' id='word_1_108' title='bbox 219 1891 305 1954; x_wconf 77' lang='lat' dir='ltr'>Felix</span> <span class='ocrx_word' id='word_1_109' title='bbox 318 1894 399 1957; x_wconf 87' lang='lat' dir='ltr'>lelici</span> <span class='ocrx_word' id='word_1_110' title='bbox 412 1915 482 1957; x_wconf 88' lang='lat' dir='ltr'>cum</span> <span class='ocrx_word' id='word_1_111' title='bbox 492 1916 581 1978; x_wconf 81' lang='lat' dir='ltr'>grege</span> <span class='ocrx_word' id='word_1_112' title='bbox 594 1908 695 1976; x_wconf 88' lang='lat' dir='ltr'>pastor</span> <span class='ocrx_word' id='word_1_113' title='bbox 707 1917 769 1978; x_wconf 84' lang='lat' dir='ltr'>age.</span> 
     </span>
     <span class='ocr_line' id='line_1_19' title="bbox 174 1987 930 2072; baseline 0.004 -24"><span class='ocrx_word' id='word_1_114' title='bbox 174 1987 258 2052; x_wconf 86' lang='lat' dir='ltr'>Hinc</span> <span class='ocrx_word' id='word_1_115' title='bbox 270 2001 299 2050; x_wconf 90' lang='lat' dir='ltr'>te</span> <span class='ocrx_word' id='word_1_116' title='bbox 313 1989 471 2072; x_wconf 84' lang='lat' dir='ltr'>pontifices</span> <span class='ocrx_word' id='word_1_117' title='bbox 483 1989 687 2063; x_wconf 78' lang='lat' dir='ltr'>circumdant,</span> <span class='ocrx_word' id='word_1_118' title='bbox 702 1989 772 2049; x_wconf 89' lang='lat' dir='ltr'>inde</span> <span class='ocrx_word' id='word_1_119' title='bbox 786 1988 930 2051; x_wconf 87' lang='lat' dir='ltr'>ministri.</span> 
     </span>
     <span class='ocr_line' id='line_1_20' title="bbox 222 2081 876 2166; baseline -0.002 -23"><span class='ocrx_word' id='word_1_120' title='bbox 222 2081 325 2166; x_wconf 80' lang='lat' dir='ltr'>Cingit</span> <span class='ocrx_word' id='word_1_121' title='bbox 337 2095 366 2144; x_wconf 86' lang='lat' dir='ltr'>te</span> <span class='ocrx_word' id='word_1_122' title='bbox 379 2095 475 2143; x_wconf 87' lang='lat' dir='ltr'>totum</span> <span class='ocrx_word' id='word_1_123' title='bbox 488 2083 560 2166; x_wconf 79' lang='lat' dir='ltr'>hinc</span> <span class='ocrx_word' id='word_1_124' title='bbox 570 2083 687 2157; x_wconf 93' lang='lat' dir='ltr'>honor,</span> <span class='ocrx_word' id='word_1_125' title='bbox 700 2082 770 2142; x_wconf 86' lang='lat' dir='ltr'>inde</span> <span class='ocrx_word' id='word_1_126' title='bbox 783 2081 876 2145; x_wconf 77' lang='lat' dir='ltr'>saror.</span> 
     </span>
     <span class='ocr_line' id='line_1_21' title="bbox 178 2174 1025 2257; baseline 0.006 -19"><span class='ocrx_word' id='word_1_127' title='bbox 178 2174 316 2239; x_wconf 84' lang='lat' dir='ltr'>Clericus</span> <span class='ocrx_word' id='word_1_128' title='bbox 329 2197 398 2240; x_wconf 87' lang='lat' dir='ltr'>ecce</span> <span class='ocrx_word' id='word_1_129' title='bbox 412 2177 526 2252; x_wconf 88' lang='lat' dir='ltr'>choris,</span> <span class='ocrx_word' id='word_1_130' title='bbox 542 2189 662 2240; x_wconf 90' lang='lat' dir='ltr'>resonat</span> <span class='ocrx_word' id='word_1_131' title='bbox 675 2175 761 2257; x_wconf 84' lang='lat' dir='ltr'>plebs</span> <span class='ocrx_word' id='word_1_132' title='bbox 774 2176 844 2238; x_wconf 89' lang='lat' dir='ltr'>inde</span> <span class='ocrx_word' id='word_1_133' title='bbox 858 2177 1025 2243; x_wconf 84' lang='lat' dir='ltr'>choraulis.</span> 
     </span>
     <span class='ocr_line' id='line_1_22' title="bbox 142 2269 943 2351; baseline 0.001 -20"><span class='ocrx_word' id='word_1_134' title='bbox 142 2293 143 2296; x_wconf 45' lang='lat'>ยน</span> <span class='ocrx_word' id='word_1_135' title='bbox 221 2269 357 2351; x_wconf 84' lang='lat' dir='ltr'>Quisque</span> <span class='ocrx_word' id='word_1_136' title='bbox 369 2285 453 2332; x_wconf 89' lang='lat' dir='ltr'>tuum</span> <span class='ocrx_word' id='word_1_137' title='bbox 467 2285 586 2347; x_wconf 84' lang='lat' dir='ltr'>votum,</span> <span class='ocrx_word' id='word_1_138' title='bbox 599 2291 658 2351; x_wconf 89' lang='lat' dir='ltr'>qua</span> <span class='ocrx_word' id='word_1_139' title='bbox 671 2270 764 2348; x_wconf 83' lang='lat' dir='ltr'>valet,</span> <span class='ocrx_word' id='word_1_140' title='bbox 777 2283 840 2332; x_wconf 84' lang='lat' dir='ltr'>arte</span> <span class='ocrx_word' id='word_1_141' title='bbox 854 2273 943 2334; x_wconf 87' lang='lat' dir='ltr'>canit.</span> 
     </span>
     <span class='ocr_line' id='line_1_23' title="bbox 178 2362 967 2447; baseline 0.003 -23"><span class='ocrx_word' id='word_1_142' title='bbox 178 2362 279 2425; x_wconf 84' lang='lat' dir='ltr'>Tarda</span> <span class='ocrx_word' id='word_1_143' title='bbox 292 2365 374 2426; x_wconf 88' lang='lat' dir='ltr'>suere</span> <span class='ocrx_word' id='word_1_144' title='bbox 387 2365 458 2441; x_wconf 83' lang='lat' dir='ltr'>tibi,</span> <span class='ocrx_word' id='word_1_145' title='bbox 474 2365 543 2445; x_wconf 86' lang='lat' dir='ltr'>quia</span> <span class='ocrx_word' id='word_1_146' title='bbox 557 2366 589 2426; x_wconf 85' lang='lat' dir='ltr'>lit</span> <span class='ocrx_word' id='word_1_147' title='bbox 601 2384 689 2426; x_wconf 89' lang='lat' dir='ltr'>mora</span> <span class='ocrx_word' id='word_1_148' title='bbox 701 2385 821 2447; x_wconf 87' lang='lat' dir='ltr'>semper</span> <span class='ocrx_word' id='word_1_149' title='bbox 834 2365 967 2443; x_wconf 86' lang='lat' dir='ltr'>amanti,</span> 
     </span>
     <span class='ocr_line' id='line_1_24' title="bbox 220 2458 922 2541; baseline 0 -21"><span class='ocrx_word' id='word_1_150' title='bbox 220 2458 284 2520; x_wconf 84' lang='lat' dir='ltr'>Res</span> <span class='ocrx_word' id='word_1_151' title='bbox 296 2459 431 2521; x_wconf 87' lang='lat' dir='ltr'>sublimis</span> <span class='ocrx_word' id='word_1_152' title='bbox 443 2460 526 2520; x_wconf 86' lang='lat' dir='ltr'>enim</span> <span class='ocrx_word' id='word_1_153' title='bbox 538 2460 638 2538; x_wconf 88' lang='lat' dir='ltr'>tarda,</span> <span class='ocrx_word' id='word_1_154' title='bbox 653 2461 706 2520; x_wconf 90' lang='lat' dir='ltr'>sed</span> <span class='ocrx_word' id='word_1_155' title='bbox 717 2459 818 2541; x_wconf 86' lang='lat' dir='ltr'>ampla</span> <span class='ocrx_word' id='word_1_156' title='bbox 831 2459 922 2521; x_wconf 89' lang='lat' dir='ltr'>venit.</span> 
     </span>
     <span class='ocr_line' id='line_1_25' title="bbox 176 2551 910 2628; baseline 0 -14"><span class='ocrx_word' id='word_1_157' title='bbox 176 2551 271 2614; x_wconf 84' lang='lat' dir='ltr'>Nunc</span> <span class='ocrx_word' id='word_1_158' title='bbox 281 2553 399 2614; x_wconf 91' lang='lat' dir='ltr'>domini</span> <span class='ocrx_word' id='word_1_159' title='bbox 409 2551 510 2614; x_wconf 91' lang='lat' dir='ltr'>laudes</span> <span class='ocrx_word' id='word_1_160' title='bbox 520 2553 598 2614; x_wconf 89' lang='lat' dir='ltr'>inter</span> <span class='ocrx_word' id='word_1_161' title='bbox 608 2567 659 2616; x_wconf 91' lang='lat' dir='ltr'>tua</span> <span class='ocrx_word' id='word_1_162' title='bbox 671 2553 791 2616; x_wconf 89' lang='lat' dir='ltr'>classica</span> <span class='ocrx_word' id='word_1_163' title='bbox 805 2565 910 2628; x_wconf 80' lang='lat' dir='ltr'>canta,</span> 
     </span>
     <span class='ocr_line' id='line_1_26' title="bbox 220 2643 843 2728; baseline 0.002 -24"><span class='ocrx_word' id='word_1_164' title='bbox 220 2643 262 2705; x_wconf 86' lang='lat' dir='ltr'>Et</span> <span class='ocrx_word' id='word_1_165' title='bbox 272 2646 388 2707; x_wconf 87' lang='lat' dir='ltr'>deitatis</span> <span class='ocrx_word' id='word_1_166' title='bbox 401 2667 494 2728; x_wconf 86' lang='lat' dir='ltr'>opem</span> <span class='ocrx_word' id='word_1_167' title='bbox 507 2648 645 2709; x_wconf 86' lang='lat' dir='ltr'>machina</span> <span class='ocrx_word' id='word_1_168' title='bbox 656 2647 735 2707; x_wconf 87' lang='lat' dir='ltr'>trina</span> <span class='ocrx_word' id='word_1_169' title='bbox 747 2657 843 2708; x_wconf 89' lang='lat' dir='ltr'>sonet.</span> 
     </span>
     <span class='ocr_line' id='line_1_27' title="bbox 179 2738 968 2822; baseline -0.001 -21"><span class='ocrx_word' id='word_1_170' title='bbox 179 2738 267 2801; x_wconf 76' lang='lat' dir='ltr'>Adde</span> <span class='ocrx_word' id='word_1_171' title='bbox 278 2739 438 2800; x_wconf 87' lang='lat' dir='ltr'>medullata</span> <span class='ocrx_word' id='word_1_172' title='bbox 448 2739 481 2799; x_wconf 92' lang='lat' dir='ltr'>in</span> <span class='ocrx_word' id='word_1_173' title='bbox 493 2741 614 2822; x_wconf 87' lang='lat' dir='ltr'>templis</span> <span class='ocrx_word' id='word_1_174' title='bbox 626 2741 798 2804; x_wconf 87' lang='lat' dir='ltr'>holocausta</span> <span class='ocrx_word' id='word_1_175' title='bbox 809 2740 968 2815; x_wconf 87' lang='lat' dir='ltr'>sacerdos,</span> 
     </span>
     <span class='ocr_line' id='line_1_28' title="bbox 223 2831 844 2916; baseline -0.002 -22"><span class='ocrx_word' id='word_1_176' title='bbox 223 2832 296 2913; x_wconf 83' lang='lat' dir='ltr'>Quo</span> <span class='ocrx_word' id='word_1_177' title='bbox 309 2831 449 2895; x_wconf 88' lang='lat' dir='ltr'>diuturna</span> <span class='ocrx_word' id='word_1_178' title='bbox 459 2834 553 2896; x_wconf 88' lang='lat' dir='ltr'>mices</span> <span class='ocrx_word' id='word_1_179' title='bbox 564 2835 661 2895; x_wconf 88' lang='lat' dir='ltr'>hostia</span> <span class='ocrx_word' id='word_1_180' title='bbox 676 2854 751 2916; x_wconf 89' lang='lat' dir='ltr'>pura</span> <span class='ocrx_word' id='word_1_181' title='bbox 764 2832 844 2895; x_wconf 90' lang='lat' dir='ltr'>Deo.</span> 
     </span>
    </p>
   </div>
   <div class='ocr_carea' id='block_1_4' title="bbox 181 2959 1073 3107">
    <p class='ocr_par' dir='ltr' id='par_1_6' title="bbox 181 2959 1073 3107">
     <span class='ocr_line' id='line_1_29' title="bbox 181 2959 1073 3026; baseline -0.004 -10"><span class='ocrx_word' id='word_1_182' title='bbox 181 2963 218 3016; x_wconf 83' lang='lat' dir='ltr'>V.</span> <span class='ocrx_word' id='word_1_183' title='bbox 232 2964 270 3014; x_wconf 85' lang='lat' dir='ltr'>IN</span> <span class='ocrx_word' id='word_1_184' title='bbox 285 2963 464 3018; x_wconf 81' lang='lat' dir='ltr'><strong>HONOREM</strong></span> <span class='ocrx_word' id='word_1_185' title='bbox 480 2964 749 3018; x_wconf 79' lang='lat' dir='ltr'><strong>APOSTOLORUM</strong></span> <span class='ocrx_word' id='word_1_186' title='bbox 765 2961 868 3015; x_wconf 79' lang='lat' dir='ltr'>PETRI</span> <span class='ocrx_word' id='word_1_187' title='bbox 879 2959 924 3012; x_wconf 86' lang='lat' dir='ltr'>ET</span> <span class='ocrx_word' id='word_1_188' title='bbox 936 2961 1073 3026; x_wconf 78' lang='lat' dir='ltr'>PAULI,</span> 
     </span>
     <span class='ocr_line' id='line_1_30' title="bbox 196 3049 1058 3107; baseline 0 -13"><span class='ocrx_word' id='word_1_189' title='bbox 196 3055 318 3107; x_wconf 77' lang='lat' dir='ltr'>ouonou</span> <span class='ocrx_word' id='word_1_190' title='bbox 330 3055 469 3107; x_wconf 78' lang='lat' dir='ltr'>nscrourrs</span> <span class='ocrx_word' id='word_1_191' title='bbox 479 3053 683 3096; x_wconf 76' lang='lat' dir='ltr'>conrrusnrun</span> <span class='ocrx_word' id='word_1_192' title='bbox 693 3056 724 3093; x_wconf 84' lang='lat' dir='ltr'>rn</span> <span class='ocrx_word' id='word_1_193' title='bbox 732 3049 897 3092; x_wconf 77' lang='lat' dir='ltr'>naunsrrcs</span> <span class='ocrx_word' id='word_1_194' title='bbox 906 3049 1058 3094; x_wconf 61' lang='lat' dir='ltr'>socam.</span> 
     </span>
    </p>
   </div>
   <div class='ocr_carea' id='block_1_5' title="bbox 184 3142 870 3245">
    <p class='ocr_par' dir='ltr' id='par_1_7' title="bbox 184 3142 870 3245">
     <span class='ocr_line' id='line_1_31' title="bbox 184 3142 870 3245; baseline -0.004 -21"><span class='ocrx_word' id='word_1_195' title='bbox 184 3142 326 3224; x_wconf 69' lang='lat' dir='ltr'>sinuntur</span> <span class='ocrx_word' id='word_1_196' title='bbox 338 3163 449 3225; x_wconf 87' lang='lat' dir='ltr'>montis</span> <span class='ocrx_word' id='word_1_197' title='bbox 461 3161 596 3245; x_wconf 85' lang='lat' dir='ltr'>speciosa</span> <span class='ocrx_word' id='word_1_198' title='bbox 608 3161 762 3227; x_wconf 85' lang='lat' dir='ltr'>cacumina</span> <span class='ocrx_word' id='word_1_199' title='bbox 777 3157 870 3237; x_wconf 91' lang='lat' dir='ltr'>Sion,</span> 
     </span>
    </p>
   </div>
   <div class='ocr_carea' id='block_1_6' title="bbox 0 0 1131 3838">
    <p class='ocr_par' dir='ltr' id='par_1_8' title="bbox 0 0 1131 3838">
     <span class='ocr_line' id='line_1_32' title="bbox 0 0 1131 3838; baseline 0 0"><span class='ocrx_word' id='word_1_200' title='bbox 0 0 1131 3838; x_wconf 95' lang='lat' dir='ltr'> </span> 
     </span>
    </p>
   </div>
  </div>
 </body>
</html>
