2218 3862
147 335 208 398 διο
404 349 438 402 r.
457 349 491 401 n.
513 351 763 403 ronnnnsrr

188 439 254 518 Qui
266 439 407 502 minimas
420 463 481 503 non
494 443 538 503 ris
550 445 677 524 perdere
690 455 792 524 pastor
803 456 884 504 oves:

146 529 290 594 Sollicitis
303 534 411 595 animis
421 511 524 597 duram
537 556 593 616 per
605 556 714 616 pascua
726 536 867 610 tendens,

186 625 237 686 Ne
252 627 347 686 desint
359 628 450 689 caulis
463 629 570 689 circuis
583 649 636 688 ore
648 648 759 710 greges.

145 715 208 779 llic
220 719 310 800 igitnr
321 720 438 802 gerulos
449 721 580 802 genitam
592 719 666 781 llens
680 722 774 801 impie
788 723 965 800 demptam,

188 809 348 893 Captivam
361 813 498 874 sobolem
510 827 647 894 tempore
660 815 743 894 pacis
756 814 877 874 habens.

144 902 331 987 Martiniqne
342 907 386 988 pii
397 928 551 968 successor
560 908 676 967 honore
690 905 839 988 Gregori,

186 993 251 1075 Qni
264 1011 392 1078 pateres
405 999 528 1078 populi,
542 999 619 1060 hanc
631 1020 702 1080 rogo
716 1001 808 1059 redde
821 998 911 1078 patri.

144 1088 263 1172 Jngiter
276 1091 328 1151 ille
339 1093 428 1153 sacris
441 1092 556 1153 meritis
570 1092 718 1152 illuminat
731 1092 840 1165 orbos,

186 1179 306 1244 Orbato
319 1185 396 1247 hanc
409 1185 487 1265 patri
500 1186 591 1246 redde
603 1187 729 1247 virendo
743 1186 834 1244 diem.

172 1341 281 1393 xxvi.
300 1341 383 1394 PRO
399 1339 548 1392 EADEM
564 1340 635 1404 RE,
652 1341 705 1394 AD
721 1338 1010 1392 nollunt‘ttost

149 1440 190 1524 St
203 1465 317 1545 rapidis
328 1463 421 1525 oculis
434 1475 462 1523 te
475 1481 595 1542 semper
608 1461 703 1522 amice
716 1460 871 1533 viderem,

185 1554 237 1618 Sic
248 1577 366 1638 quoqne
378 1558 425 1617 vir
437 1556 555 1617 aridum
570 1559 620 1614 m'e
633 1556 751 1614 satiaret
762 1573 858 1613 amor.

146 1646 210 1728 Qui
223 1650 247 1708 si
260 1649 413 1730 praesentis
423 1669 486 1709 non
499 1668 618 1728 possem
632 1667 754 1708 cernere
767 1646 899 1722 vultum,

186 1739 232 1800 'l'e
246 1741 320 1801 mihi
332 1741 379 1800 vel
391 1741 508 1821 scriptis
519 1760 586 1801 care
600 1740 693 1800 saluto
706 1740 812 1800 libens.

145 1831 239 1894 Hunc
251 1833 340 1892 etiam
354 1833 499 1893 famulum
510 1834 691 1894 commendo
704 1833 832 1915 benigne
845 1847 1007 1912 verenter,

186 1924 228 1985 Et
239 1925 263 1986 si
276 1927 351 2006 justa
366 1926 456 2005 petit,
471 1926 551 1986 hunc
562 1938 611 1985 tua
623 1926 722 2008 lingna
734 1928 823 2008 juvet.

148 2015 212 2097 Qui
223 2030 317 2078 tortus
328 2018 455 2101 graviter
466 2018 596 2100 genitam
609 2018 667 2079 sibi
679 2019 757 2101 luget
769 2020 928 2096 abactam,

188 2108 250 2172 Per
262 2132 314 2172 vos
328 2123 358 2171 ut
371 2113 471 2172 redeat
485 2112 544 2171 filia
558 2125 643 2191 capta
655 2125 747 2194 rogat.

147 2201 284 2284 Paupere
297 2217 329 2263 ut
341 2205 441 2264 audito
454 2205 524 2264 dum
538 2205 607 2264 estis
617 2203 767 2266 medicina
780 2204 912 2281 dolenti,

187 2294 305 2362 ‚Vestris
318 2318 427 2378 nempe
441 2296 539 2358 choris
550 2297 587 2356 sit
600 2297 651 2378 pia
664 2317 734 2357 cura
747 2296 840 2358 Deus.

162 2525 164 2528 Ι
206 2451 334 2504 xxvtt.
358 2451 439 2502 PRO
458 2448 616 2501 1PsA1tE
633 2449 689 2500 AD
713 2449 972 2504 GALLIENUM.

147 2553 296 2637 Orneus
307 2591 411 2633 exerce
423 2571 480 2632 tuis
493 2568 700 2630 moderamina
713 2568 830 2644 solers,

190 2663 342 2726 Sollicitus
353 2664 471 2739 stodiis,
486 2664 611 2724 utilitate
624 2683 735 2724 comes.

147 2757 238 2822 More
251 2757 326 2817 mihi
338 2755 425 2817 solito
440 2756 532 2817 dulcis
544 2757 600 2817 tibi
613 2757 713 2816 debita
725 2754 829 2828 solvo,

190 2851 254 2931 Qui
269 2851 336 2912 colo
348 2850 517 2923 devinctus,
530 2851 623 2910 reddo
635 2849 736 2910 salutis
749 2867 833 2928 opus.

148 2944 196 3008 Sit
206 2943 430 3006 commendatus
442 2943 536 3002 homo
548 2962 637 3020 quem
650 2940 729 3001 male
742 2940 827 3001 torsit
839 2939 978 3019 iniquos,

190 3035 326 3097 Perdidit
338 3049 366 3096 et
379 3036 509 3118 genitam
522 3034 580 3094 heu
591 3035 683 3095 miser
695 3034 749 3094 iste
762 3050 855 3092 snam.

148 3129 230 3191 Huic
243 3129 280 3188 da
293 3128 436 3209 justitiam
447 3127 484 3188 de
498 3126 622 3193 volnere
633 3126 769 3210 corporis
780 3136 934 3207 emptam,
