2218 3862
145 279 206 354 342
395 291 427 344 V.
457 293 494 345 ll.
517 293 762 348 montosam

187 384 254 447 Cur
263 403 317 466 ego
331 395 492 464 praeterear
503 385 645 467 sauguine
657 388 757 467 juncta
768 407 878 470 parens
893 391 909 452 Ξ)

147 479 193 540 Ut
206 479 335 540 redimat
347 478 488 538 dominus
501 499 625 540 vernam
638 501 717 562 saepe
731 481 797 563 ipse
809 503 867 564 per
884 485 976 568 alpes

189 574 319 656 Frigora
331 585 485 636 concretas
496 594 567 634 cum
577 575 649 637 nive
659 576 774 657 rumpit
786 596 888 656 aquas.

149 669 246 730 Intrat
259 670 291 728 in
304 668 407 728 excisis
423 668 590 730 umbratica
602 669 727 750 rupibus
740 683 843 746 antra,

191 763 376 848 Ferventem
387 763 529 824 allectum
541 762 625 823 nnlla
636 764 742 844 priora
751 777 860 826 vetant.

150 857 192 920 Et
203 859 277 920 duce
291 879 361 918 cum
375 856 458 916 nullo
472 858 550 937 pede
562 859 646 918 nudo
659 869 758 918 currat
769 871 891 920 amator

192 955 292 1033 Atque
305 973 372 1013 snas
384 953 517 1033 praedas,
532 952 617 1013 hoste
630 966 748 1014 vetante
761 954 849 1035 rapit.

151 1049 299 1111 Adversas
312 1047 408 1122 acies,
427 1059 457 1107 et
469 1067 591 1128 persua
603 1047 726 1109 vulnera
739 1049 861 1124 transit,

197 1142 292 1222 Quod
306 1141 388 1221 cupit
401 1152 433 1200 ut
445 1141 562 1220 capiat,
577 1163 636 1203 nec
646 1141 705 1202 sibi
717 1143 815 1222 parcit
826 1163 926 1206 amor.

153 1239 210 1300 Ast
222 1259 277 1320 ego
289 1257 346 1316 pro
360 1235 445 1297 vobis
459 1247 617 1295 momenta
628 1256 684 1317 per
696 1237 799 1297 omnia
811 1238 954 1320 pendens

198 1333 258 1391 Vix
270 1352 347 1393 curae
360 1330 457 1412 spatio
471 1341 572 1391 mente
587 1331 686 1409 quiete
697 1330 791 1392 fruor.

157 1428 236 1508 Quae
247 1426 314 1488 loca
325 1437 355 1485 te
368 1436 506 1498 teneant,
520 1423 546 1483 si
558 1423 658 1484 sibilat
671 1443 743 1484 aura
755 1425 902 1506 requiro,

158 1597 161 1602 Ι
197 1519 313 1582 Nubila
324 1518 349 1580 si
360 1517 466 1579 rolites
478 1517 611 1598 pendula
621 1539 714 1598 posco
726 1518 838 1581 locum.

155 1615 274 1677 Bellica
287 1612 418 1674 Persidis
431 1633 485 1673 seu
498 1624 529 1672 te
538 1610 709 1694 Byzantion
724 1625 823 1694 optat,

201 1708 321 1770 Ductor
334 1706 511 1767 Alexandrea
524 1726 577 1767 seo
589 1706 665 1788 regis
678 1705 760 1766 urbis
775 1725 858 1788 opes.

157 1804 208 1872 An
224 1800 449 1884 llierosolymee
462 1800 574 1861 resides
588 1799 703 1863 vicinus
714 1801 752 1861 ab
763 1821 851 1878 arce,

202 1894 274 1974 Qua
286 1906 330 1956 est
341 1894 458 1976 genitus
472 1890 611 1954 Christus
621 1894 735 1977 virgine
748 1908 843 1956 matre
856 1892 953 1957 Deus.

161 1990 295 2070 Quoque
308 1988 372 2050 haec
383 1985 552 2047 nullatenus
561 1987 702 2069 patefecit
712 1988 809 2048 littera
821 1989 950 2065 chartis,

131 2148 134 2156 ,
202 2083 249 2144 Ut
262 2083 355 2166 magis
366 2082 436 2144 bine
447 2082 568 2165 gravior
579 2095 710 2144 sumeret
723 2103 808 2145 arma
818 2082 918 2145 dolor.

159 2175 260 2258 Quod
271 2178 297 2239 si
310 2177 394 2260 signa
403 2176 478 2238 mibi
491 2197 550 2239 nec
558 2189 638 2237 terra
650 2198 706 2238 nec
716 2198 835 2256 aequora
847 2178 991 2255 mittunt,

207 2272 361 2353 Prospera
369 2271 418 2334 rel
430 2271 552 2331 veniens
563 2271 670 2332 nuntia
681 2271 773 2331 ferret
785 2272 855 2332 aris.

166 2364 260 2436 Sacra
269 2364 445 2426 monasterii
459 2365 484 2425 si
498 2384 547 2426 me
562 2385 626 2425 non
640 2364 766 2425 clausna
779 2377 932 2440 tenerent,

206 2459 376 2541 lmprovisa
389 2459 526 2533 aderam,
541 2478 600 2538 qna
611 2460 734 2541 regione
746 2460 840 2520 sedes.

167 2551 378 2635 Promptaper
388 2552 556 2636 undifragas
566 2552 1025 2635 transissempuppcprocellas:

210 2646 347 2708 Flatibus
360 2648 504 2730 hybernis
516 2646 585 2709 laeta
593 2667 733 2709 moverer
746 2647 839 2724 aquis.

171 2741 298 2805 Fortior
311 2741 441 2803 eluctans
455 2741 629 2820 pressissem
642 2740 774 2822 pendula
783 2739 907 2816 ssuctns,

212 2834 254 2897 Et
263 2837 342 2916 quod
355 2847 446 2894 nauta
456 2834 543 2896 timet
552 2856 615 2896 non
627 2835 785 2916 pavitasset
797 2854 909 2895 amans.

170 2929 327 2992 Imbribus
339 2927 453 2989 infestis
463 2927 488 2988 si
500 2916 629 2990 solveret
640 2930 721 2989 unda
737 2928 886 3003 carinam,

213 3023 259 3088 'le
272 3036 409 3105 peterem
421 3021 522 3084 tabula
533 3024 646 3107 remige
659 3036 744 3086 vecta
755 3023 842 3084 mari.

175 3115 265 3179 Sorte
278 3118 333 3178 sub
346 3116 473 3180 inlausta
485 3116 511 3184 si
523 3119 673 3200 prendere
689 3116 769 3208 ligna
782 3129 902 3182 vetarer
