2222 3844
82 284 108 336 v.
118 283 152 334 u.
167 279 375 334 rouruuaut
387 279 437 332 uu
446 279 529 334 vna
542 279 571 333 s.
582 277 736 333 uanum
746 277 814 333 utu.
827 281 874 333 111.
897 265 938 329 55

65 371 191 457 Remiget
203 373 254 435 hic
268 371 395 448 Gallus,
411 369 562 432 Martinus
573 369 639 432 vela
652 371 818 455 gubernet,

64 470 192 530 Flamina
208 465 347 529 Christus
359 479 440 549 agat,
452 478 576 548 portum
589 466 698 547 quibus
711 468 792 527 unda
803 468 937 544 reducat,

62 563 272 642 Nuncquoquc
281 575 363 643 gesta
371 560 463 637 sacri,
474 562 547 622 dum
554 561 681 644 navigo,
693 574 782 622 nauta
791 561 940 643 loquatur.

61 657 211 720 lleusibus
223 656 367 741 hybernis
382 656 453 716 dum
464 655 636 737 bosphorus
648 655 747 739 alligat
759 657 872 734 undas,

59 750 94 812 Et
104 752 237 832 liquidos
250 771 374 832 campos
385 761 463 811 vetat
476 750 576 811 imber
587 769 672 811 arare
686 750 815 828 carinis,

61 843 256 926 Oceanusque
270 858 358 926 negat
373 844 559 908 commercia
572 845 652 907 ferre
667 844 823 908 Britannis
838 871 846 908 ε

59 939 131 1003 Cum
144 955 209 1002 sata
223 941 279 1001 sub
291 940 389 1023 rigido
403 961 454 1001 sua
465 940 602 1024 germina
615 941 726 1024 frigore
739 940 852 1017 celant,

56 1035 97 1098 Ac
106 1048 285 1118 penetrante
295 1034 361 1118 gelu
374 1035 449 1119 riget
461 1037 558 1114 unda,
572 1049 602 1098 et
613 1036 707 1098 herba
719 1035 876 1117 liquescit,

54 1129 151 1191 Astitit
163 1143 236 1191 ante
249 1130 330 1190 fores
343 1150 433 1192 orans
445 1144 561 1193 vestem
573 1153 651 1215 aeger
663 1153 791 1216 egenus,

57 1222 166 1309 Lingua
178 1225 270 1309 ligata
282 1225 350 1309 gelu
358 1246 416 1288 nec
426 1225 558 1288 solveret
569 1246 622 1288 ore
634 1226 787 1306 loquelas,

57 1316 98 1379 Ut
108 1332 260 1405 tegeretur
271 1320 379 1402 inops,
395 1341 479 1382 sacer
490 1322 622 1404 imperat
632 1340 704 1404 ergo
717 1321 876 1397 ministro,

56 1410 120 1494 lpse
133 1428 255 1477 remota
266 1428 390 1497 petens,
405 1415 512 1498 populi
525 1429 608 1479 caret
621 1427 684 1476 arte
697 1414 836 1476 tumultu.

27 1541 29 1598 q
59 1505 218 1591 Comperit
231 1522 263 1569 ut
273 1523 390 1571 sanctus
401 1509 478 1570 nihil
489 1510 639 1591 accepisse
652 1521 852 1584 trementem,

27 1627 32 1666 t
57 1598 176 1665 Eruitur
187 1604 305 1680 tunica,
321 1605 531 1688 algentemque
544 1603 657 1666 obtexit
668 1603 798 1679 amictu,

59 1695 153 1773 Quam
167 1700 236 1760 sine
246 1711 320 1760 teste
331 1698 414 1759 dedit
427 1699 562 1774 latitans,
578 1711 609 1759 ct
620 1697 704 1759 abire
718 1697 834 1782 coegic

57 1785 130 1853 Ecce
141 1793 283 1853 minister
294 1793 377 1854 adest
390 1792 520 1875 rogitans
531 1793 697 1874 procedere
710 1805 865 1868 sanctum,

61 1880 112 1945 Sed
123 1907 210 1950 sacer
222 1899 290 1946 ante
303 1899 409 1948 monet
421 1885 523 1946 vestiri
536 1886 669 1969 tegmine
682 1887 808 1948 nudum.

62 1975 123 2042 lloc
133 1994 325 2043 memorante
338 1981 411 2062 pio,
425 1979 561 2060 stupidus
575 1979 666 2041 hebet
678 1979 889 2056 archidiacon,

62 2069 137 2149 Quid
147 2075 263 2138 faceret
275 2076 390 2135 nudum
404 2075 476 2134 dum
488 2095 552 2134 non
564 2073 608 2134 ibi
622 2087 759 2134 cerneret
772 2073 886 2149 ullum,
917 2098 919 2104 s

60 2162 188 2232 Nascere
201 2190 259 2231 nec
269 2181 389 2250 poterat
400 2168 550 2228 residente
564 2167 694 2228 antistite
707 2168 839 2242 nudum,

63 2257 119 2339 Qui
130 2265 240 2326 tunicae
253 2264 378 2326 interius
392 2283 455 2324 non
468 2261 648 2345 inspiciebat
661 2262 825 2335 amictum,

62 2353 233 2439 Amphibali
244 2357 371 2419 exterius
380 2359 454 2417 dum
466 2357 606 2418 membra
622 2357 741 2417 obtecta
754 2355 890 2414 laterent.

62 2447 143 2535 Angit
154 2454 189 2514 in
200 2452 341 2535 ancipiti,
355 2452 428 2531 quid
441 2452 499 2514 hoc
511 2452 639 2534 aenigma
650 2449 733 2510 beati

68 2541 194 2622 Quaestio
208 2559 288 2607 tanta
301 2545 389 2628 ligat,
402 2567 500 2624 neque
512 2544 672 2627 problema
686 2541 781 2604 solvat
792 2543 901 2625 egenti.

65 2631 141 2704 Tunc
153 2642 196 2702 ait
209 2642 273 2722 ipse
285 2660 388 2715 sacer,
404 2640 481 2699 mihi
495 2652 614 2721 tegmen
629 2639 713 2699 defer
731 2637 858 2715 abollae,

62 2726 122 2795 Nec
134 2755 252 2816 pauper
264 2734 340 2794 desit
354 2733 406 2812 qui
417 2732 547 2793 vestibus
559 2732 672 2815 indiget
685 2731 755 2794 illis.

65 2820 219 2890 Succensus
231 2827 359 2911 graviter
370 2840 490 2910 tegmen
505 2826 563 2887 sert
573 2825 631 2886 vile
645 2825 803 2903 minister,

64 2916 132 2982 Ante
142 2923 235 3004 pedes
247 2925 359 3004 jactans
373 2922 431 2996 ait,
451 2942 490 2982 cn
503 2920 568 2982 sine
584 2939 718 3002 paupere
732 2931 863 2997 vestem,

65 3007 191 3078 luduitur
204 3029 307 3078 sancto
321 3016 432 3077 hirsuta
442 3015 590 3098 bigerrica
603 3014 702 3097 palla,

65 3101 116 3170 Vir
126 3111 174 3177 cui
183 3110 275 3195 digna
285 3110 364 3173 foret
374 3110 451 3174 stola
462 3110 575 3187 lactea,
590 3121 621 3172 et
633 3126 724 3173 aurea
735 3105 836 3184 fulva,
