2230 3838
164 310 219 362 ou
242 312 342 365 vlrt
368 313 401 367 s.
428 315 610 370 neurius
633 318 760 376 muru
782 320 836 376 υτ.
900 309 940 394 95

74 396 182 483 Pulpita
191 416 362 466 sanctorum
375 425 431 485 per
443 406 581 490 religiosa
593 430 751 473 recurrens
854 465 858 474 ,

76 491 203 581 Martyris
214 499 324 582 egregii
336 501 486 562 tumulum
500 501 609 569 Vitalis
622 504 732 581 adora,

75 583 148 649 Mitis
160 603 187 650 et
201 591 339 655 Ursicini
352 594 441 676 parili
453 596 507 657 sub
520 610 601 657 sorte
614 599 710 659 beati:

74 681 173 746 Rursus
185 687 373 769 Apoilinaris
385 690 510 771 pretiosi
521 690 628 753 iimina
639 693 760 771 lambe,

73 773 156 839 fusus
168 780 253 842 humi
266 783 408 864 supplex.
424 797 453 845 et
468 785 581 867 templa
592 809 648 869 per
663 789 767 850 omnia
780 811 886 870 curre,

71 867 173 953 Erpete
186 874 314 938 Martini
327 878 477 955 loculum,
492 901 552 960 quo
563 883 631 963 *jure
644 883 746 945 sacelli

68 962 133 1026 dam
144 968 335 1053 desperatum
347 973 451 1034 iumen
466 975 540 1035 mihi
553 977 683 1038 reddidit
695 991 817 1055 auctor,

71 1057 188 1123 Munera
199 1065 252 1144 qui
265 1066 389 1143 tribuit,
402 1067 506 1128 saltem
518 1089 592 1152 rogo
605 1072 696 1132 verba
711 1076 858 1154 rependet

70 1150 118 1215 Fst
127 1156 167 1218 iti
180 1157 322 1222 Basilicae
332 1162 452 1224 culmen
465 1161 551 1224 Pauli
566 1177 653 1243 atque
667 1162 807 1228 Jounuis.

72 1246 126 1313 Hie
138 1254 235 1334 paries
248 1255 358 1316 retinet
369 1257 462 1318 sancti
474 1258 530 1318 suls
543 1258 833 1341 imaginesormam,

70 1341 278 1428 Amplectauda
289 1350 356 1431 ipso
369 1351 448 1414 dulci
464 1353 579 1432 pictura
591 1352 693 1415 colore
702 1377 715 1414 ,ε

68 1435 126 1502 Sub
138 1444 265 1524 pedibus
278 1446 346 1526 justi
359 1445 459 1526 paries
472 1446 562 1508 hahet
574 1461 642 1508 ante
656 1447 837 1527 fenestram,

68 1532 197 1620 Lychnus
210 1540 313 1617 adest,
327 1541 410 1623 cujus
422 1541 516 1602 vitrea
530 1553 609 1601 natat
622 1541 699 1625 iguis
712 1542 744 1602 in
758 1564 850 1606 urna:

70 1627 132 1694 Huc
142 1653 195 1716 ego
208 1635 284 1695 dum
298 1654 432 1716 propero
445 1634 545 1697 valido
556 1648 714 1716 torquente
729 1636 853 1716 dolore,

69 1721 245 1811 Diffugiente
256 1751 380 1814 gemens
392 1730 550 1793 oculorum
563 1729 629 1792 luce
643 1729 799 1808 fenestrae,

71 1816 133 1897 Quo
145 1823 256 1904 procul
270 1837 303 1886 ut
312 1825 395 1909 tetigi
408 1825 569 1887 benedicto
580 1824 685 1885 lumen
696 1824 800 1903 olivo,

72 1910 164 1996 igneus
178 1919 232 1980 ille
246 1939 341 2001 vapor
352 1921 500 1983 marcenti
514 1920 613 1982 fronte
627 1920 767 1996 recessit,

72 2004 104 2069 Et
113 2035 243 2093 praesens
257 2015 390 2078 medicus
402 2015 515 2078 blando
527 2015 607 2098 fugat
621 2014 750 2097 unguine
762 2016 904 2094 morbos,

71 2099 133 2166 Non
148 2110 247 2170 oblita
259 2111 335 2172 mihi
349 2131 418 2172 mea
431 2110 547 2171 lumina
560 2129 686 2170 munere
697 2110 811 2186 sancti,

69 2197 141 2265 Nam
154 2206 235 2267 redit
246 2218 315 2267 ante
329 2206 432 2269 oculos
441 2205 599 2268 oculorum
613 2224 685 2267 cura
698 2203 811 2281 fidelis,

70 2291 103 2356 Et
112 2320 233 2362 memor
246 2299 321 2362 iliud
336 2321 388 2362 ero
402 2302 475 2361 dum
486 2300 552 2361 luce
564 2313 594 2360 et
605 2320 735 2381 corpore
749 2313 863 2362 consto.

70 2385 238 2478 Promptius
250 2395 375 2472 affeetu,
390 2415 517 2477 precor,
532 2395 603 2456 inde
619 2393 740 2474 require
751 2393 884 2471 sodales,

73 2481 99 2544 Si
108 2490 197 2552 sociis
209 2489 362 2570 loqueris,
378 2489 498 2552 veniam
511 2488 622 2571 pietate
635 2487 780 2564 mereris,

73 2574 189 2668 Porrigo
203 2584 363 2645 materiam
376 2584 483 2665 quibus
495 2583 572 2646 hanc
585 2603 639 2667 ego
653 2595 686 2642 ut
697 2602 751 2644 ore
764 2582 895 2646 rotundo

76 2670 187 2739 Martini
199 2676 289 2762 gestis
298 2676 439 2740 florentia
451 2678 585 2741 carmina
598 2688 746 2760 pangant,

76 2765 105 2829 Et
115 2771 196 2834 claro
210 2771 333 2856 ingenio
346 2785 444 2835 texant
454 2772 620 2856 spargenda
631 2791 688 2852 per
701 2782 815 2832 ortum.

78 2859 121 2926 Vir
130 2867 270 2943 radians,
282 2867 398 2929 meritis
411 2866 482 2930 licet
495 2865 547 2926 ille
559 2886 616 2927 nec
628 2865 741 2948 indiget
753 2863 834 2941 istis,

81 2955 168 3023 Gratia
182 2962 267 3043 cujus
278 2981 370 3024 ovans
380 2981 415 3025 ae
427 2961 579 3044 famafliter
590 2972 718 3042 occupat
730 2959 814 3020 orbis

82 3051 143 3118 Arva
156 3075 252 3139 capax
265 3055 386 3140 pelagus
398 3057 513 3118 intrans
525 3075 615 3138 super
628 3067 706 3116 astra
717 3071 895 3129 coruscans,

83 3140 259 3216 distribuens
270 3150 363 3214 miras
374 3150 497 3236 populis
508 3169 566 3233 pro
577 3149 654 3234 stipe
668 3146 819 3224 medelas,
