2222 3844
165 351 201 389 12
401 345 436 394 V.
462 344 496 395 ll.
528 343 811 398 FORTUNATUS

147 437 148 440 ’
164 432 196 494 0
212 436 301 494 decus
314 432 480 508 excellens,
500 453 518 493 o
533 433 645 494 femina
660 434 739 494 fama
751 435 872 511 salutis,

203 527 308 588 Partus
322 528 404 610 fruge
419 539 542 608 potens,
558 528 725 610 virginitate
741 528 880 609 placens;

159 618 222 682 Per
235 642 325 702 quam
338 636 425 682 estse
440 621 521 683 nasci
536 621 653 704 dignata
668 624 838 703 redemptio
852 626 979 704 mundi,

199 715 241 775 Et
255 735 394 796 reparare
407 736 517 798 genus,
531 717 612 794 quod
626 715 693 774 tulit
707 713 772 776 Eva
787 717 889 789 ferox;

158 809 249 872 Hanc
262 811 318 872 tibi
334 823 431 869 mater
443 831 536 890 opem
548 809 700 892 legionum
716 810 812 870 millia
825 811 929 887 mille,
968 871 971 877 .

200 901 261 964 Per
273 903 379 964 classes
392 916 533 964 resonant
546 904 700 979 carmine,
715 926 808 981 voce,
824 892 891 990 lyra
904 930 911 966 z

155 996 288 1080 Angelus
300 997 370 1058 inde
381 1010 449 1057 tuos
463 998 573 1078 repetit
587 999 812 1082 paranymphus
821 999 973 1078 honores,

199 1090 263 1170 Qui
277 1092 333 1151 tibi
345 1094 382 1152 de
396 1091 479 1153 coelis
494 1092 604 1152 nuncia
617 1105 717 1153 sancta
730 1092 831 1170 vehit,

154 1181 289 1261 Dicens,
305 1206 324 1245 ο
339 1185 408 1245 felix
422 1185 534 1244 imitari
549 1186 650 1248 nescia
661 1186 763 1268 virgo,

127 1321 130 1328 ·
199 1277 292 1363 Cujus
304 1293 333 1340 et
346 1300 437 1364 agnus
450 1281 515 1340 ovis
527 1281 655 1342 conterit
668 1301 721 1340 ora
735 1279 811 1361 lupi.

152 1373 279 1434 Tartara
291 1375 500 1455 disrumpens,
518 1375 622 1455 patriae
636 1376 753 1455 captiva
767 1375 933 1452 reducens,

193 1466 234 1528 Et
247 1468 378 1554 libertati
391 1482 458 1550 post
471 1471 538 1551 juga
551 1489 652 1549 pressa
666 1469 760 1529 refers
774 1492 781 1528 :

151 1560 273 1643 Excipit
285 1563 336 1622 has
347 1563 457 1622 iterum
472 1563 659 1644 ingeminans
672 1582 741 1642 pars
755 1561 848 1622 altera
862 1561 983 1641 laudes,

193 1654 361 1736 Perstrepit
375 1668 404 1716 et
418 1657 531 1717 cunctis
544 1676 601 1717 vox
614 1656 749 1716 revoluta
762 1655 870 1716 choris.

150 1749 264 1830 lncipit
274 1750 344 1809 inde
357 1748 432 1810 alios
444 1750 612 1831 producere
626 1762 706 1808 terra
718 1749 857 1824 favores,

193 1844 344 1906 Zachariae
356 1843 471 1926 genitus
485 1864 560 1919 vox,
575 1844 663 1919 tuba,
678 1864 798 1924 praeco,
814 1863 924 1919 sonus,

153 1936 234 2001 Cum
245 1936 347 2012 Petro,
355 1950 384 1997 et
391 1935 545 2018 Stephano
556 1938 738 2015 ducibusque
746 1938 777 1997 in
787 1936 920 1999 millibus
927 1940 1043 2021 amplis

190 2031 388 2114 Agminibus,
404 2032 502 2090 mixtis
513 2030 666 2112 plausibus
677 2031 735 2091 alta
748 2051 868 2092 canens.

151 2122 183 2186 Ο
197 2123 294 2207 Virgo
307 2124 430 2207 insignis
442 2124 600 2186 benedicta
613 2126 651 2184 ad
662 2125 767 2207 gaudia
781 2137 869 2201 nata,

189 2217 344 2278 Auxilium
356 2231 460 2292 terrae,
476 2218 574 2301 fulgor
584 2219 740 2298 honorque
754 2218 818 2300 poli
833 2240 841 2289 ς

121 2327 124 2334 ·
147 2310 232 2374 Ecce
245 2325 312 2372 tuus
323 2311 434 2372 florens
448 2325 548 2372 uterus
561 2333 627 2392 quae
640 2312 776 2393 praestitit
790 2312 878 2390 orbi,

189 2404 235 2467 Te
248 2406 402 2488 pariente,
418 2407 476 2467 fide
490 2427 545 2467 nos
559 2407 713 2488 paradisus
725 2406 824 2467 habet.

148 2497 235 2580 Quid
243 2521 342 2561 sumus
354 2513 403 2560 aut
414 2501 524 2560 fuimus
532 2503 544 2561 ,Ρ
553 2522 627 2580 quos
638 2515 782 2561 merserat
791 2499 857 2563 Eva
865 2500 1036 2582 profundo,

187 2592 238 2652 De
252 2592 326 2653 limo
341 2593 372 2652 in
386 2594 495 2654 coelum
509 2615 564 2654 nos
576 2595 648 2655 facis
662 2595 705 2656 ire
719 2596 796 2655 sinu.

144 2683 298 2746 Laudibus
310 2686 357 2745 his
370 2686 487 2746 domini
500 2689 632 2770 genetrix
645 2688 744 2771 fragor
756 2689 873 2748 intonat
885 2689 987 2768 astris,

187 2776 365 2859 Militiaeque
380 2779 444 2860 poli
457 2780 521 2843 hoec
535 2782 591 2842 tibi
605 2781 727 2865 clangor
738 2783 815 2865 agit;

143 2871 201 2933 Ast
213 2892 268 2954 ego
281 2872 360 2933 ferre
373 2874 494 2951 rolens,
508 2877 615 2937 videor
626 2877 791 2939 subducere
804 2878 922 2939 laudes:

186 2965 270 3026 Nam
282 2965 337 3026 tibi
350 2967 475 3048 quisque
489 2969 572 3050 cupit
583 2991 657 3032 voce
671 2971 771 3032 favere
784 2991 883 3033 sacrae.

144 3057 235 3120 Mens
248 3072 312 3120 oret
325 3062 478 3144 genitum,
493 3063 536 3125 sic
549 3065 638 3124 matri
650 3065 739 3149 digna
752 3065 910 3145 loquatur,

187 3149 281 3237 Cujus
293 3173 398 3218 amore
410 3157 464 3240 pio
476 3157 552 3222 vivis
563 3158 680 3222 honore
692 3179 791 3222 novor
