2222 3844
158 310 201 374 38
421 329 454 382 v.
476 329 511 380 u.
534 329 787 384 roaruuarr

156 419 296 482 Plurima
309 421 382 482 dum
396 418 526 494 laceret,
540 441 638 499 neque
654 442 725 484 cura
738 424 876 486 mederet
889 423 1035 503 alumnae,

156 515 254 577 Missa
266 517 353 578 beata
366 515 423 576 viri
437 515 571 574 restinxit
584 515 712 596 epistola
724 516 862 594 febrem,

158 609 238 690 Quae
250 630 341 692 super
354 608 497 692 imposita
508 609 610 672 charta
623 611 785 672 recubante
796 612 919 693 puella,

155 704 234 766 Mox
243 705 365 766 sudoris·
373 724 464 784 aquas
476 705 530 764 ubi
542 704 642 765 littera
655 705 733 768 sicca
745 707 869 791 rigavit,

155 799 267 861 Febris
281 799 318 862 ab
331 799 457 860 internis
469 799 610 861 restincta
623 812 667 860 est
678 801 761 861 arida
770 802 937 883 membris,

154 895 221 957 Axe
231 907 371 955 serenato
384 894 540 954 madidans
550 895 615 955 sine
626 893 738 956 vellere
749 897 866 970 nimbi,

155 988 242 1052 Rure
255 989 414 1050 atramenti
429 988 568 1051 restincta
581 1002 624 1050 est
637 987 760 1050 llamma
773 991 906 1067 camini,

155 1082 362 1146 Israelitarum
374 1082 466 1144 veluti
482 1081 660 1166 llloysiticus
674 1083 768 1160 alter,

155 1175 209 1240 Ne
222 1198 318 1261 vapor
329 1177 495 1254 excmciet,
509 1179 665 1257 protendit
679 1178 787 1262 pagina
800 1179 924 1240 nubem.

159 1271 225 1335 Cur
237 1273 372 1349 mimm,
386 1271 533 1334 artificem
548 1273 668 1333 dantem
682 1293 739 1354 per
750 1273 862 1353 scripta
874 1272 1016 1347 salutem,
1102 1321 1103 1342 ᾗ

158 1367 212 1430 Sic
224 1369 426 1450 operabatur,
441 1387 573 1447 praesens
586 1366 638 1426 ubi
650 1387 712 1427 nou
727 1380 790 1427 erat
803 1367 888 1448 ipse,
1102 1351 1103 1362 ἵ

99 1489 102 1496 ’
158 1461 237 1542 Quae
248 1475 333 1541 patre
346 1461 384 1522 ab
398 1459 534 1521 Arborio
546 1458 682 1521 lllartino
697 1461 824 1522 olsertur
835 1461 941 1542 opimo

159 1555 374 1620 Consecranda
387 1575 480 1615 manu
490 1575 547 1634 qua
559 1555 638 1616 salva
649 1556 726 1617 facta
739 1557 777 1616 sit
791 1557 866 1636 ipsa.

159 1651 265 1732 Quam
278 1651 356 1711 bene
366 1649 415 1710 bis
425 1669 528 1709 sanam
540 1671 610 1711 eum
624 1650 791 1733 virginitate
804 1649 939 1730 puellam

159 1745 306 1808 Reddidit
318 1743 372 1804 iste
384 1743 463 1825 patri
477 1744 606 1826 proprio
615 1788 625 1820 ,
634 1757 720 1826 pater
728 1743 780 1805 ille
793 1766 925 1826 superno
939 1770 946 1806 :

161 1839 214 1904 Sic
225 1838 336 1900 meruit
347 1839 499 1922 geminam
513 1837 579 1899 solo
594 1851 715 1900 curante
729 1839 900 1915 medelam,

158 1934 246 1996 Dum
260 1952 361 1995 caram
374 1932 513 1993 sobolem
526 1934 619 1994 morti
631 1934 769 1995 subduxit
781 1947 923 2014 utraeque.
1102 1923 1103 1984 l

159 2027 341 2107 Paulinique
355 2026 477 2089 oculum
490 2041 566 2089 tetra
579 2028 705 2111 caligine
717 2050 868 2105 mersum,
1102 2015 1103 2052 ¹

158 2123 317 2205 Impositis
329 2121 470 2183 manibus
483 2123 583 2183 radius
595 2124 763 2204 penetravit
777 2135 896 2199 acutus,

159 2218 260 2298 Atque
272 2238 379 2278 serena
392 2217 454 2278 dies
466 2218 582 2278 detersa
593 2216 675 2278 nube
689 2215 822 2291 refulsit,

160 2311 281 2374 Lumen
295 2325 325 2374 et
338 2312 462 2373 emicuit
475 2311 568 2374 facies
580 2331 642 2371 uon
657 2310 737 2372 lusca
751 2309 930 2394 gemellum,

161 2407 289 2469 Martini
302 2407 401 2491 digitis
415 2406 483 2466 oleo
497 2417 638 2466 manante
651 2404 781 2467 lucernae

163 2501 281 2565 Cuncta
293 2501 447 2562 salutifero
460 2520 604 2580 superans
617 2498 743 2583 collyria
756 2512 844 2562 tactu.

160 2596 231 2677 lpse
247 2596 338 2656 etiam
352 2614 420 2656 casu
431 2592 578 2655 scalarum
591 2593 703 2655 vertice
717 2592 837 2676 lapsus,

160 2688 428 2768 Dinumeransque
436 2688 572 2749 cadendo
580 2690 703 2770 gradus,
719 2691 835 2769 capite,
846 2709 917 2764 ore,
930 2686 1054 2764 relisuS,

162 2784 290 2845 Attritus
303 2781 450 2845 membris
463 2782 646 2843 descendens
657 2781 780 2843 saltibus
792 2781 878 2859 altis,

162 2877 333 2940 Multorum
346 2876 481 2939 medicus
493 2895 583 2955 quam
597 2877 729 2958 plurima
740 2877 863 2940 vulnera
872 2891 1018 2960 portans,

162 2970 250 3034 Dum
263 2971 346 3034 eellae
359 2971 481 3034 recubat
494 2971 622 3056 graviter
634 2971 688 3042 sub
701 2984 790 3033 nocte
801 2992 931 3054 sopora,

163 3063 323 3150 Pervigilis
334 3066 452 3127 do'mini
464 3066 546 3126 venit
558 3065 678 3148 angelus
692 3061 760 3126 aere
774 3065 884 3140 fultus,

162 3158 278 3225 Ulcera
290 3176 420 3244 quaeque·
429 3160 486 3225 viri
498 3171 627 3222 tractans
639 3159 713 3220 dum
723 3157 839 3244 singula
851 3157 971 3243 palpat,
