2218 3862
152 342 213 404 310
290 359 294 368 '
417 351 450 404 V.
470 350 505 403 tl.
524 351 770 411 rottTtJNt'rt

249 498 327 554 xlv.
352 497 407 550 DE
426 497 651 552 DIVISIONE
675 502 940 561 cltLAMYnts,

154 608 244 691 Duru
255 626 444 710 chlamydem
458 625 606 688 Martinus
619 629 708 710 iuopt
721 630 821 692 divisit
832 653 951 717 egeno,

195 718 333 782 Christus
345 741 380 781 ea
391 733 542 782 memoret
551 743 582 782 se
594 721 672 782 hene
684 737 766 786 veste
779 726 853 809 tegir

152 813 249 878 Dives
258 825 435 894 paupertas,
450 813 608 874 domiuum
621 837 686 894 quae
698 817 768 876 texit
780 819 918 896 amictu,

197 904 258 969 Cui
267 906 353 968 Deus
365 907 514 983 occurrit,
528 908 580 986 qui
593 909 675 968 dedit
687 922 765 970 autre
776 911 872 972 luber.

265 1060 327 1113 XV.
347 1058 400 1109 DE
425 1059 584 1112 TUNICA
604 1061 788 1114 PAUPERl
809 1062 933 1116 DATA.

158 1165 323 1249 Nosctttn
336 1187 388 1265 qui
400 1186 494 1247 maris
508 1183 635 1246 Martini
647 1199 729 1270 geste
735 1187 833 1262 beati,

201 1279 264 1342 Hie
277 1281 390 1360 poteris
403 1279 534 1342 breviter
547 1279 663 1341 discere
676 1279 755 1340 mira
768 1278 834 1340 viri.

160 1373 302 1452 Denique
315 1394 385 1434 eum
396 1372 530 1434 tunicam
541 1391 626 1434 sacer
637 1373 702 1452 ipse
717 1373 844 1433 dedisset
855 1372 976 1456 agenti,

200 1464 249 1528 Ae
261 1465 318 1526 sibi
332 1485 401 1547 pars
414 1466 521 1528 tunicae
533 1465 650 1525 reddita
662 1464 861 1546 perverteret,

162 1557 256 1646 Quod
268 1578 329 1619 non
342 1571 477 1620 texerunt
489 1559 614 1621 manicae
627 1579 684 1640 per
696 1557 818 1621 brachia
829 1570 945 1635 turtae,

203 1649 281 1712 Visa
292 1653 350 1734 tegi
362 1652 489 1735 gemmis
502 1664 546 1714 est
559 1671 664 1713 manus
677 1652 729 1713 itta
742 1652 812 1716 viri.

166 1741 198 1803 O
213 1743 342 1803 nimium
355 1744 426 1804 felix
438 1746 486 1807 eui
499 1746 624 1829 contigit
635 1747 667 1807 iu
680 1746 744 1809 viee
758 1746 854 1822 lanu,

206 1834 369 1896 Nobilium
382 1836 517 1919 lapidum
530 1839 645 1900 lumine
657 1839 796 1902 membra
807 1839 885 1924 tegi!

172 1924 214 1988 Ut
227 1947 296 1989 cum
309 1928 405 1990 adhuc
416 1929 517 1992 cinere
530 1951 665 2014 aspersus
677 1934 755 1996 foret
768 1947 856 2014 atque
867 1931 994 2008 favillis,

208 2019 333 2084 Artilice
344 2021 478 2106 angelico
491 2045 645 2108 gemmeus
655 2027 713 2090 iret
725 2028 829 2089 homo.

256 2179 340 2232 xv1.
361 2180 417 2242 DE
436 2181 626 2238 Monruts
641 2180 960 2236 utsusctrttls.

171 2281 271 2381 Qum
285 2304 370 2366 Deus
382 2301 414 2366 i'n
426 2305 546 2366 famulis
560 2318 702 2386 operetur
714 2306 835 2387 opimus
847 2315 981 2378 amator,

209 2396 336 2460 Martini
348 2399 435 2482 gestis
448 2416 554 2481 magna
565 2399 697 2479 probare
706 2412 802 2480 potes.

166 2491 290 2557 Ducere
303 2493 354 2572 qui
367 2492 477 2552 meruit
489 2493 526 2553 de
540 2504 638 2553 morte
650 2493 792 2554 cadavera
804 2491 887 2566 vite,

211 2582 339 2645 Rettulit
351 2596 439 2664 etque
451 2584 550 2661 diem,
563 2583 698 2666 reppulit
709 2585 790 2646 unde
801 2602 918 2646 necem.

296 2735 395 2787 XVII.
417 2735 474 2788 DE
496 2736 763 2790 SUCCISIONE
785 2735 924 2792 PINUS.

174 2841 262 2923 Dure
277 2861 395 2923 caderet
409 2860 577 2923 Martinam
588 2862 680 2924 arbor
693 2881 831 2944 pressure
842 2863 982 2936 beatum,

214 2954 289 3017 Mox
302 2954 372 3017 lucit
384 2955 449 3036 ipse
461 2975 598 3030 crucem,
612 2956 702 3036 pinus
714 2955 818 3018 abacta
829 2956 917 3016 redit.

174 3049 254 3130 Quis
265 3067 329 3108 non
343 3047 443 3108 virtuti
457 3048 565 3109 divine
577 3050 752 3110 commodet
764 3069 888 3123 eurem,

214 3139 301 3199 Dum
314 3140 398 3200 trabe
409 3159 551 3204 conuersa
564 3141 635 3202 deut
648 3159 769 3223 quoque
781 3141 862 3227 ligna
873 3137 994 3225 lugam?
