2230 3838
272 349 513 406 normarum
541 349 668 407 tinen
691 349 748 406 nr.
907 336 962 420 147

108 437 159 501 Ut
173 443 258 521 quotl
271 443 358 524 plebs
371 455 506 524 poterat,
521 443 600 505 solus
613 465 718 505 amore
731 443 846 522 loquar.

67 533 190 596 Ultima
202 536 241 596 sit
255 537 392 616 quamvis
404 537 485 620 regio
498 537 676 601 Armoricus
689 539 721 598 in
735 538 826 614 orbe,

111 628 227 691 Felicis
240 631 351 691 morito
365 632 497 693 cernitur
510 652 573 693 esse
584 633 683 712 prior.

71 719 226 784 Misemnt
237 724 352 787 similes
364 727 464 786 oriens
476 739 506 788 et
519 725 623 788 Gallia
635 739 744 789 sortes:

113 817 171 878 llla
183 819 279 881 micat
289 821 379 881 radiis
390 819 479 896 solis,
495 833 525 881 et
537 822 591 881 ista
605 822 674 883 tuis.

68 910 155 972 Nam
168 913 333 995 splendore
346 935 426 978 novo
438 936 490 975 sua
502 936 630 978 munera
641 917 765 998 quisque
777 916 944 991 ministrat,

106 1005 160 1068 Tu
171 1008 233 1069 fers
246 1029 359 1072 oceano
371 1010 491 1086 lumen,
507 1024 536 1072 et
549 1011 600 1072 ille
613 1013 714 1074 rubro.

68 1099 217 1182 Denique
232 1103 257 1163 si
270 1124 372 1165 seusus
385 1104 466 1166 claro
480 1126 538 1186 pro
550 1105 689 1187 lampade
704 1109 813 1192 fulget,

113 1196 276 1280 Ingenium
286 1210 418 1261 vestrum
430 1199 554 1264 luminis
566 1201 658 1261 instar
671 1202 771 1264 habet.

71 1289 210 1354 Maxima
222 1294 381 1376 progenies
392 1295 486 1355 titulis
500 1308 604 1356 ornata
621 1297 761 1372 vetustis,

115 1385 214 1470 Cujus
222 1400 254 1449 et
266 1407 283 1448 a
296 1389 416 1470 proavis
428 1389 525 1472 gloria
538 1389 616 1452 celsa
629 1403 722 1450 tonat.

68 1479 156 1542 Nam
168 1480 340 1562 quicunque
353 1497 461 1565 potens
474 1483 655 1564 Aquitanica
665 1503 735 1544 rura
748 1482 879 1566 subegit,

114 1575 222 1635 Extitit
233 1576 285 1637 ille
296 1589 347 1638 tuo
359 1578 519 1660 sanguine,
537 1577 622 1654 luce,
641 1599 760 1659 parens.

74 1668 234 1732 Germinis
245 1672 359 1752 antiqui
371 1672 543 1734 venerabile
557 1672 678 1734 culmen
691 1674 723 1732 in
736 1673 830 1748 orbe,

112 1764 269 1826 Laudibus
283 1765 315 1825 in
327 1767 410 1848 cujus
423 1767 532 1827 militat
544 1788 635 1828 omne
650 1769 749 1830 decus.

71 1859 150 1922 Flos
160 1859 299 1944 generis,
313 1872 394 1922 tutor
407 1861 529 1943 patriae,
544 1863 693 1924 correctio
707 1863 822 1944 plebis,

116 1953 243 2034 Eloquii
256 1952 385 2030 flumen,
398 1954 466 2015 sons
477 1954 563 2034 salis,
575 1957 653 2017 unia
665 1954 788 2036 loquar:

75 2045 204 2111 Semina
216 2048 375 2125 doctrinae,
388 2049 434 2130 jus
445 2068 539 2110 causae
551 2093 560 2125 ,
576 2050 721 2110 terminus
734 2051 802 2126 irae,

116 2141 215 2226 Cujus
226 2143 259 2204 in
272 2143 426 2226 ingenium
437 2145 495 2205 buc
508 2165 586 2204 nova
601 2142 701 2204 Roma
714 2145 806 2206 venit.

71 2237 144 2300 lllic
156 2238 240 2318 quod
253 2250 371 2318 poterat
383 2237 540 2319 perplures
555 2238 606 2298 illa
619 2240 747 2315 docere,

116 2331 164 2394 Te
176 2343 318 2394 contenta
330 2353 384 2393 suo
398 2331 500 2394 Gallia
513 2332 577 2394 cive
589 2332 695 2413 placet.

76 2423 270 2488 Ornamenta
283 2427 361 2510 geris
372 2426 494 2507 gemino
508 2426 649 2510 fulgentia
663 2429 762 2500 dono,

118 2519 160 2582 Et
172 2534 203 2581 te
217 2519 428 2582 concelebrant
439 2519 511 2582 hinc
521 2541 615 2601 opus,
629 2520 698 2579 inde
710 2539 810 2604 genus.

79 2614 141 2678 Sed
154 2616 207 2696 qui
220 2629 340 2676 terrena
353 2615 390 2675 de
404 2613 561 2676 nobilitate
573 2614 706 2690 nitebas,

118 2709 290 2773 Ecclesiam
303 2730 384 2771 nunc
396 2730 449 2790 spe
463 2708 615 2769 nobiliore
629 2709 716 2789 regis.

79 2802 176 2888 Cujus
189 2804 227 2864 ad
238 2817 377 2864 omatum
387 2803 468 2865 bene
480 2803 577 2865 cultor
587 2803 694 2886 jugiter
709 2803 837 2882 instans,

120 2897 167 2959 Ut
178 2902 241 2982 jam
252 2897 346 2958 multa
359 2895 428 2959 Deo
441 2896 599 2980 splendida
612 2898 691 2958 dona
703 2899 798 2960 dares.

75 2993 218 3076 Nupsisti
233 2991 381 3067 eeclesiae,
395 2991 495 3054 felicia
508 3004 576 3053 vota
588 2992 709 3075 jugasti,

122 3089 215 3151 Hanc
226 3085 279 3168 qui
291 3099 461 3148 matronam
475 3099 505 3151 te
517 3086 651 3168 potiente
665 3087 774 3168 reples.

80 3181 178 3269 Cujus
190 3184 224 3246 in
237 3180 376 3266 amplexu
389 3182 471 3248 ducis
484 3182 548 3246 siue
561 3182 688 3246 crimine
702 3181 813 3260 vitam,
