2222 3844
126 339 168 404 28
398 356 430 408 v.
457 356 492 408 n.
517 354 769 410 nonnuuaur

126 446 212 528 Quas
225 466 343 509 armare
355 445 471 523 solent,
492 445 645 532 fugiebant
658 446 781 509 flamina
794 446 952 529 flammas,

126 540 313 605 Conditione
329 562 428 620 nova,
442 541 512 604 satis
526 556 570 605 est
583 565 632 606 res
644 544 723 604 mira
735 565 792 626 per
805 546 930 608 orbem:

124 636 238 698 Flabra
251 638 360 698 timent
371 637 493 721 ignem,
507 639 595 700 timet
606 639 681 724 ignis
693 638 773 722 ligna
784 653 912 717 vorare,

122 731 224 811 Atque
238 732 332 795 avidae
345 730 475 795 ilammae
488 753 540 795 suu
554 735 737 796 nutrimenta
751 749 932 816 pavescunt,

124 823 335 908 Paulatimque
348 828 424 891 focis
436 829 592 913 elanguida
606 828 685 913 ligno
698 830 856 891 resorbet:

124 919 227 983 Urere
239 923 290 1002 qui
303 923 379 984 solet
393 943 411 984 a
424 923 524 1005 seipso
539 922 726 986 consumitur
737 924 830 1006 ignis;

124 1015 314 1099 Martinique
327 1019 401 1080 fides
412 1018 477 1080 sine
491 1019 622 1080 nubibus
634 1018 736 1080 intulit
749 1019 872 1079 imbres

287 1173 344 1224 DE
371 1172 644 1226 ANGELORUM
668 1173 857 1226 AUXILIO.

124 1288 263 1372 Russus
275 1324 306 1372 ut
318 1310 391 1374 hinc
403 1309 484 1371 aliud
500 1323 624 1392 cuperet
640 1310 813 1372 subvertere
826 1309 976 1393 templum
989 1356 999 1388 ,
1103 1347 1106 1356 ‹

123 1404 249 1468 Rustica
263 1407 350 1467 turba
363 1393 443 1469 vetat
457 1404 558 1467 divelli
573 1405 641 1466 lana
654 1404 802 1486 prolana,

122 1498 217 1561 Unde
230 1499 367 1583 repulsus
379 1502 442 1561 adit
454 1500 521 1562 locu
533 1499 673 1580 proxima
685 1522 692 1558 ι
707 1500 760 1560 sed
772 1498 906 1560 biduano

127 1589 293 1657 Contectus
306 1594 407 1656 cinere
420 1607 451 1655 et
464 1594 534 1654 setis
547 1593 661 1674 jejunia
673 1594 804 1668 ducens,

125 1687 272 1750 Numinis
284 1689 427 1750 auxilium
440 1689 478 1749 ed
490 1686 606 1768 templa
619 1687 829 1748 imminuenda
843 1700 996 1769 precatur.

124 1782 248 1842 Militiae
261 1783 402 1866 angelicae
416 1801 520 1844 coram
534 1783 594 1842 duo
608 1781 748 1864 protinus
758 1782 865 1842 adsunt

127 1874 255 1962 Syderei
268 1897 429 1959 proceres,
441 1878 538 1938 hastas
551 1888 582 1937 et
596 1890 678 1940 scuta
690 1889 843 1938 tenentes:

128 1970 312 2035 Comminus
324 1972 355 2032 hi
369 1984 504 2034 sanctum
518 1971 706 2053 compellunt
718 1971 845 2034 vocibus
856 1970 936 2032 ultro
952 1995 960 2031 ε

125 2065 279 2128 Praesidiis
293 2066 427 2128 Martine
440 2067 498 2127 tuis
511 2066 682 2128 delabimur
694 2065 800 2126 astris:

127 2159 289 2241 Squalidus
300 2161 366 2243 ipse
378 2162 479 2236 sedes,
494 2161 547 2220 sed
559 2159 592 2220 fit
603 2171 654 2220 tua
668 2179 740 2221 cura
753 2157 906 2236 Tonanti,

129 2251 344 2340 suffragiisque
358 2255 416 2317 tuis
428 2254 496 2318 coeli
509 2253 612 2315 fremit
625 2254 734 2315 arduus
749 2254 830 2330 axis,

126 2348 264 2435 Belliger
275 2363 305 2413 et
317 2352 388 2412 tntis
402 2350 555 2433 conspirat
568 2348 710 2434 olympus
723 2348 755 2408 in
771 2348 882 2423 armis,

127 2443 177 2505 Ut
189 2457 286 2526 coepta
299 2446 429 2522 efficias,
442 2466 498 2527 per
510 2465 567 2506 nos
580 2443 635 2504 tibi
649 2442 758 2504 militat
771 2441 878 2514 aether;

128 2537 284 2600 Mittimur
298 2561 316 2602 a
327 2540 454 2600 domino
468 2539 581 2622 gemini
594 2550 645 2599 tua
658 2551 753 2599 castra
765 2550 921 2620 regentes3

129 2631 201 2696 Hac
211 2653 269 2715 pro
283 2647 368 2715 parte
383 2635 473 2696 duces
486 2633 668 2714 meliorque
681 2653 768 2695 causa
782 2631 908 2692 laborat.

128 2725 223 2789 Nunc
235 2748 287 2810 age
300 2748 409 2810 rumpe
422 2749 540 2804 moras,
554 2749 615 2790 neu
627 2728 737 2790 rustica
749 2727 837 2788 turba
849 2725 975 2788 rebellet
987 2769 997 2801 ,

129 2821 227 2883 Arma
240 2823 377 2884 ministra
390 2823 493 2901 vides,
507 2837 645 2887 nostrum
656 2835 699 2885 est
713 2843 854 2904 superare
868 2821 1027 2904 superbos·

130 2915 237 2986 lrrue;
256 2939 295 2979 ue
307 2920 459 3002 trepides,
475 2941 534 3002 ope
548 2933 667 2992 nostra,
681 2919 719 2977 ad
730 2917 845 3000 templa
857 2918 991 2993 ruenda,

130 3009 201 3074 Nee
212 3013 341 3075 titubare
355 3017 460 3091 decet,
476 3015 561 3075 lavor
574 3027 617 3074 est
632 3013 683 3074 ubi
696 3013 829 3073 numinis
840 3012 923 3074 almi.

131 3101 213 3166 Tum
226 3127 310 3170 sacer
320 3110 494 3194 aggrediens
506 3129 656 3191 properus
668 3107 829 3169 dissolvere
843 3109 995 3190 templum

131 3197 219 3263 Idola
232 3205 433 3282 comminuit,
449 3203 517 3266 sana
532 3204 630 3282 eruit,
644 3203 745 3266 obruit
757 3222 841 3278 aras,

1105 2123 1109 2211 1
