<?xml version="1.0" encoding="UTF-8"?>
<!DOCTYPE html PUBLIC "-//W3C//DTD XHTML 1.0 Transitional//EN"
    "http://www.w3.org/TR/xhtml1/DTD/xhtml1-transitional.dtd">
<html xmlns="http://www.w3.org/1999/xhtml" xml:lang="en" lang="en">
 <head>
  <title>
</title>
<meta http-equiv="Content-Type" content="text/html;charset=utf-8" />
  <meta name='ocr-system' content='tesseract 3.04.00' />
  <meta name='ocr-capabilities' content='ocr_page ocr_carea ocr_par ocr_line ocrx_word'/>
</head>
<body>
  <div class='ocr_page' id='page_1' title='image "./venantiihonorii00unkngoog_0049.png"; bbox 0 0 2222 3844; ppageno 0'>
   <div class='ocr_carea' id='block_1_1' title="bbox 181 313 948 376">
    <p class='ocr_par' dir='ltr' id='par_1_1' title="bbox 181 313 948 376">
     <span class='ocr_line' id='line_1_1' title="bbox 181 313 948 376; baseline 0.003 -2"><span class='ocrx_word' id='word_1_1' title='bbox 181 321 233 374; x_wconf 83' lang='lat' dir='ltr'><strong>DE</strong></span> <span class='ocrx_word' id='word_1_2' title='bbox 259 321 362 374; x_wconf 72' lang='lat' dir='ltr'><strong>Vt&#39;t’n</strong></span> <span class='ocrx_word' id='word_1_3' title='bbox 385 319 415 373; x_wconf 83' lang='lat' dir='ltr'><strong>S·</strong></span> <span class='ocrx_word' id='word_1_4' title='bbox 438 321 627 375; x_wconf 78' lang='lat' dir='ltr'><strong>MARTINI</strong></span> <span class='ocrx_word' id='word_1_5' title='bbox 650 321 779 375; x_wconf 81' lang='lat' dir='ltr'><strong>LIBER</strong></span> <span class='ocrx_word' id='word_1_6' title='bbox 805 323 827 376; x_wconf 88' lang='lat'><strong>1.</strong></span> <span class='ocrx_word' id='word_1_7' title='bbox 907 313 948 376; x_wconf 85' lang='grc'><strong>33</strong></span> 
     </span>
    </p>
   </div>
   <div class='ocr_carea' id='block_1_2' title="bbox 66 415 933 2293">
    <p class='ocr_par' dir='ltr' id='par_1_2' title="bbox 74 415 933 691">
     <span class='ocr_line' id='line_1_2' title="bbox 78 415 860 499; baseline 0.006 -23"><span class='ocrx_word' id='word_1_8' title='bbox 78 415 251 499; x_wconf 86' lang='lat' dir='ltr'><strong>blaucipium</strong></span> <span class='ocrx_word' id='word_1_9' title='bbox 265 417 387 479; x_wconf 85' lang='lat' dir='ltr'><strong>alterius</strong></span> <span class='ocrx_word' id='word_1_10' title='bbox 400 418 454 479; x_wconf 91' lang='lat' dir='ltr'><strong>sub</strong></span> <span class='ocrx_word' id='word_1_11' title='bbox 467 419 588 499; x_wconf 89' lang='lat' dir='ltr'><strong>bospite</strong></span> <span class='ocrx_word' id='word_1_12' title='bbox 599 416 752 480; x_wconf 83' lang='lat' dir='ltr'><strong>Daemone</strong></span> <span class='ocrx_word' id='word_1_13' title='bbox 766 419 860 483; x_wconf 89' lang='lat' dir='ltr'><strong>factus</strong></span> 
     </span>
     <span class='ocr_line' id='line_1_3' title="bbox 75 503 933 591; baseline 0.007 -22"><span class='ocrx_word' id='word_1_14' title='bbox 75 509 209 572; x_wconf 76' lang='lat' dir='ltr'><strong>Dentibus</strong></span> <span class='ocrx_word' id='word_1_15' title='bbox 221 525 253 574; x_wconf 93' lang='lat' dir='ltr'><strong>ut</strong></span> <span class='ocrx_word' id='word_1_16' title='bbox 266 512 366 573; x_wconf 85' lang='lat' dir='ltr'>rabies</span> <span class='ocrx_word' id='word_1_17' title='bbox 378 512 483 574; x_wconf 87' lang='lat' dir='ltr'><strong>alienis</strong></span> <span class='ocrx_word' id='word_1_18' title='bbox 498 512 650 574; x_wconf 81' lang='lat' dir='ltr'><strong>frenderet</strong></span> <span class='ocrx_word' id='word_1_19' title='bbox 664 514 778 591; x_wconf 86' lang='lat' dir='ltr'><strong>armis,</strong></span> <span class='ocrx_word' id='word_1_20' title='bbox 931 503 933 510; x_wconf 46' lang='lat'><strong>¹</strong></span> 
     </span>
     <span class='ocr_line' id='line_1_4' title="bbox 74 601 750 691; baseline 0.007 -27"><span class='ocrx_word' id='word_1_21' title='bbox 74 601 131 667; x_wconf 90' lang='lat' dir='ltr'><strong>Nec</strong></span> <span class='ocrx_word' id='word_1_22' title='bbox 141 626 191 667; x_wconf 86' lang='lat' dir='ltr'><strong>sua</strong></span> <span class='ocrx_word' id='word_1_23' title='bbox 203 607 254 667; x_wconf 91' lang='lat' dir='ltr'><strong>sed</strong></span> <span class='ocrx_word' id='word_1_24' title='bbox 267 605 361 667; x_wconf 87' lang='lat' dir='ltr'><strong>hostis</strong></span> <span class='ocrx_word' id='word_1_25' title='bbox 375 606 459 668; x_wconf 88' lang='lat' dir='ltr'><strong>fieret</strong></span> <span class='ocrx_word' id='word_1_26' title='bbox 471 628 503 668; x_wconf 92' lang='lat' dir='ltr'><strong>se</strong></span> <span class='ocrx_word' id='word_1_27' title='bbox 517 607 614 667; x_wconf 92' lang='lat' dir='ltr'><strong>milite</strong></span> <span class='ocrx_word' id='word_1_28' title='bbox 627 629 727 691; x_wconf 77' lang='lat' dir='ltr'><strong>pugna</strong></span> <span class='ocrx_word' id='word_1_29' title='bbox 743 634 750 669; x_wconf 77' lang='grc' dir='ltr'><strong>ε</strong></span> 
     </span>
    </p>

    <p class='ocr_par' dir='ltr' id='par_1_3' title="bbox 71 696 928 973">
     <span class='ocr_line' id='line_1_5' title="bbox 75 696 928 786; baseline 0.005 -28"><span class='ocrx_word' id='word_1_30' title='bbox 75 696 162 777; x_wconf 84' lang='lat' dir='ltr'><strong>Quem</strong></span> <span class='ocrx_word' id='word_1_31' title='bbox 175 700 314 762; x_wconf 90' lang='lat' dir='ltr'><strong>dominus</strong></span> <span class='ocrx_word' id='word_1_32' title='bbox 327 699 474 765; x_wconf 87' lang='lat' dir='ltr'><strong>famulum</strong></span> <span class='ocrx_word' id='word_1_33' title='bbox 482 701 607 783; x_wconf 82' lang='lat' dir='ltr'><strong>supplex</strong></span> <span class='ocrx_word' id='word_1_34' title='bbox 622 723 748 786; x_wconf 85' lang='lat' dir='ltr'><strong>purgare</strong></span> <span class='ocrx_word' id='word_1_35' title='bbox 766 715 928 784; x_wconf 78' lang='lat' dir='ltr'><strong>precatur,</strong></span> 
     </span>
     <span class='ocr_line' id='line_1_6' title="bbox 74 789 893 882; baseline 0.01 -30"><span class='ocrx_word' id='word_1_36' title='bbox 74 789 123 852; x_wconf 87' lang='lat' dir='ltr'><strong>Sed</strong></span> <span class='ocrx_word' id='word_1_37' title='bbox 134 795 199 856; x_wconf 92' lang='lat' dir='ltr'><strong>duci</strong></span> <span class='ocrx_word' id='word_1_38' title='bbox 213 796 252 882; x_wconf 88' lang='lat' dir='ltr'><strong>ad</strong></span> <span class='ocrx_word' id='word_1_39' title='bbox 265 809 400 858; x_wconf 87' lang='lat' dir='ltr'><strong>sanctum</strong></span> <span class='ocrx_word' id='word_1_40' title='bbox 412 797 507 857; x_wconf 88' lang='lat' dir='ltr'><strong>vetuit</strong></span> <span class='ocrx_word' id='word_1_41' title='bbox 518 796 598 858; x_wconf 88' lang='lat' dir='ltr'><strong>ferus</strong></span> <span class='ocrx_word' id='word_1_42' title='bbox 611 797 722 878; x_wconf 86' lang='lat' dir='ltr'><strong>hospes</strong></span> <span class='ocrx_word' id='word_1_43' title='bbox 734 812 764 860; x_wconf 91' lang='lat' dir='ltr'><strong>et</strong></span> <span class='ocrx_word' id='word_1_44' title='bbox 777 799 893 876; x_wconf 80' lang='lat' dir='ltr'><strong>bostis,</strong></span> 
     </span>
     <span class='ocr_line' id='line_1_7' title="bbox 71 882 718 973; baseline 0.011 -28"><span class='ocrx_word' id='word_1_45' title='bbox 71 882 215 949; x_wconf 87' lang='lat' dir='ltr'><strong>Tetradius</strong></span> <span class='ocrx_word' id='word_1_46' title='bbox 229 910 330 952; x_wconf 89' lang='lat' dir='ltr'><strong>rursus</strong></span> <span class='ocrx_word' id='word_1_47' title='bbox 341 891 411 972; x_wconf 87' lang='lat' dir='ltr'><strong>justi</strong></span> <span class='ocrx_word' id='word_1_48' title='bbox 425 891 548 973; x_wconf 82' lang='lat' dir='ltr'><strong>vestigia</strong></span> <span class='ocrx_word' id='word_1_49' title='bbox 560 891 718 965; x_wconf 83' lang='lat' dir='ltr'><strong>lambens,</strong></span> 
     </span>
    </p>

    <p class='ocr_par' dir='ltr' id='par_1_4' title="bbox 73 978 773 1068">
     <span class='ocr_line' id='line_1_8' title="bbox 73 978 773 1068; baseline 0.009 -27"><span class='ocrx_word' id='word_1_50' title='bbox 73 978 218 1063; x_wconf 90' lang='lat' dir='ltr'><strong>Supplicat</strong></span> <span class='ocrx_word' id='word_1_51' title='bbox 232 997 265 1043; x_wconf 92' lang='lat' dir='ltr'><strong>ut</strong></span> <span class='ocrx_word' id='word_1_52' title='bbox 276 997 378 1068; x_wconf 79' lang='lat' dir='ltr'><strong>pergat</strong></span> <span class='ocrx_word' id='word_1_53' title='bbox 391 984 443 1045; x_wconf 93' lang='lat' dir='ltr'><strong>ubi</strong></span> <span class='ocrx_word' id='word_1_54' title='bbox 458 1005 550 1048; x_wconf 79' lang='lat' dir='ltr'><strong>saevus</strong></span> <span class='ocrx_word' id='word_1_55' title='bbox 562 985 638 1046; x_wconf 85' lang='lat' dir='ltr'><strong>latro</strong></span> <span class='ocrx_word' id='word_1_56' title='bbox 653 985 773 1048; x_wconf 88' lang='lat' dir='ltr'><strong>latebat.</strong></span> 
     </span>
    </p>

    <p class='ocr_par' dir='ltr' id='par_1_5' title="bbox 70 1071 828 1250">
     <span class='ocr_line' id='line_1_9' title="bbox 70 1071 793 1162; baseline 0.008 -28"><span class='ocrx_word' id='word_1_57' title='bbox 70 1071 121 1134; x_wconf 87' lang='lat' dir='ltr'><strong>Sed</strong></span> <span class='ocrx_word' id='word_1_58' title='bbox 131 1097 211 1140; x_wconf 91' lang='lat' dir='ltr'><strong>sacer</strong></span> <span class='ocrx_word' id='word_1_59' title='bbox 223 1079 287 1159; x_wconf 90' lang='lat' dir='ltr'><strong>ipse</strong></span> <span class='ocrx_word' id='word_1_60' title='bbox 303 1081 429 1138; x_wconf 88' lang='lat' dir='ltr'><strong>domum</strong></span> <span class='ocrx_word' id='word_1_61' title='bbox 439 1079 561 1162; x_wconf 84' lang='lat' dir='ltr'><strong>gentilis</strong></span> <span class='ocrx_word' id='word_1_62' title='bbox 571 1080 656 1140; x_wconf 88' lang='lat' dir='ltr'><strong>adire</strong></span> <span class='ocrx_word' id='word_1_63' title='bbox 668 1094 793 1142; x_wconf 82' lang='lat' dir='ltr'><strong>recusat.</strong></span> 
     </span>
     <span class='ocr_line' id='line_1_10' title="bbox 72 1165 828 1250; baseline 0.005 -22"><span class='ocrx_word' id='word_1_64' title='bbox 72 1165 196 1250; x_wconf 89' lang='lat' dir='ltr'><strong>Spondet</strong></span> <span class='ocrx_word' id='word_1_65' title='bbox 210 1171 371 1232; x_wconf 87' lang='lat' dir='ltr'><strong>Tetradius</strong></span> <span class='ocrx_word' id='word_1_66' title='bbox 381 1173 504 1235; x_wconf 88' lang='lat' dir='ltr'><strong>humilis</strong></span> <span class='ocrx_word' id='word_1_67' title='bbox 517 1194 586 1235; x_wconf 92' lang='lat' dir='ltr'><strong>cum</strong></span> <span class='ocrx_word' id='word_1_68' title='bbox 598 1174 727 1235; x_wconf 89' lang='lat' dir='ltr'><strong>fascibus</strong></span> <span class='ocrx_word' id='word_1_69' title='bbox 740 1174 828 1248; x_wconf 86' lang='lat' dir='ltr'><strong>altis,</strong></span> 
     </span>
    </p>

    <p class='ocr_par' dir='ltr' id='par_1_6' title="bbox 68 1259 852 1444">
     <span class='ocr_line' id='line_1_11' title="bbox 71 1259 852 1349; baseline 0.004 -26"><span class='ocrx_word' id='word_1_70' title='bbox 71 1259 150 1325; x_wconf 86' lang='lat' dir='ltr'><strong>Hosti</strong></span> <span class='ocrx_word' id='word_1_71' title='bbox 163 1266 189 1326; x_wconf 92' lang='lat' dir='ltr'><strong>si</strong></span> <span class='ocrx_word' id='word_1_72' title='bbox 200 1265 350 1326; x_wconf 86' lang='lat' dir='ltr'><strong>famulum</strong></span> <span class='ocrx_word' id='word_1_73' title='bbox 366 1267 475 1349; x_wconf 78' lang='lat' dir='ltr'><strong>eripiat</strong></span> <span class='ocrx_word' id='word_1_74' title='bbox 486 1288 520 1327; x_wconf 86' lang='lat' dir='ltr'><strong>se</strong></span> <span class='ocrx_word' id='word_1_75' title='bbox 531 1268 654 1328; x_wconf 88' lang='lat' dir='ltr'><strong>credere</strong></span> <span class='ocrx_word' id='word_1_76' title='bbox 672 1265 832 1327; x_wconf 83' lang='lat' dir='ltr'><strong>Christum</strong></span> <span class='ocrx_word' id='word_1_77' title='bbox 843 1289 852 1326; x_wconf 73' lang='grc' dir='ltr'><strong>ε</strong></span> 
     </span>
     <span class='ocr_line' id='line_1_12' title="bbox 68 1354 822 1444; baseline 0 -28"><span class='ocrx_word' id='word_1_78' title='bbox 68 1354 201 1440; x_wconf 88' lang='lat' dir='ltr'><strong>Imposita</strong></span> <span class='ocrx_word' id='word_1_79' title='bbox 216 1382 288 1444; x_wconf 84' lang='lat' dir='ltr'><strong>ergo</strong></span> <span class='ocrx_word' id='word_1_80' title='bbox 302 1382 393 1422; x_wconf 88' lang='lat' dir='ltr'><strong>manu</strong></span> <span class='ocrx_word' id='word_1_81' title='bbox 405 1383 500 1444; x_wconf 88' lang='lat' dir='ltr'><strong>puero</strong></span> <span class='ocrx_word' id='word_1_82' title='bbox 514 1363 579 1422; x_wconf 88' lang='lat' dir='ltr'><strong>fera</strong></span> <span class='ocrx_word' id='word_1_83' title='bbox 592 1361 673 1421; x_wconf 82' lang='lat' dir='ltr'><strong>larva</strong></span> <span class='ocrx_word' id='word_1_84' title='bbox 687 1360 800 1422; x_wconf 85' lang='lat' dir='ltr'><strong>recedit</strong></span> <span class='ocrx_word' id='word_1_85' title='bbox 809 1403 822 1436; x_wconf 83' lang='lat'><strong>‚.</strong></span> 
     </span>
    </p>

    <p class='ocr_par' dir='ltr' id='par_1_7' title="bbox 67 1448 737 1538">
     <span class='ocr_line' id='line_1_13' title="bbox 67 1448 737 1538; baseline 0.003 -26"><span class='ocrx_word' id='word_1_86' title='bbox 67 1448 103 1512; x_wconf 85' lang='lat' dir='ltr'><strong>Et</strong></span> <span class='ocrx_word' id='word_1_87' title='bbox 114 1456 187 1515; x_wconf 89' lang='lat' dir='ltr'><strong>mala</strong></span> <span class='ocrx_word' id='word_1_88' title='bbox 201 1459 366 1538; x_wconf 87' lang='lat' dir='ltr'><strong>jucundum</strong></span> <span class='ocrx_word' id='word_1_89' title='bbox 380 1470 533 1538; x_wconf 88' lang='lat' dir='ltr'><strong>pastorem</strong></span> <span class='ocrx_word' id='word_1_90' title='bbox 545 1457 641 1518; x_wconf 88' lang='lat' dir='ltr'><strong>bestia</strong></span> <span class='ocrx_word' id='word_1_91' title='bbox 654 1455 737 1538; x_wconf 83' lang='lat' dir='ltr'><strong>fugit.</strong></span> 
     </span>
    </p>

    <p class='ocr_par' dir='ltr' id='par_1_8' title="bbox 67 1541 836 1728">
     <span class='ocr_line' id='line_1_14' title="bbox 69 1541 836 1632; baseline 0.005 -26"><span class='ocrx_word' id='word_1_92' title='bbox 69 1541 216 1610; x_wconf 79' lang='lat' dir='ltr'><strong>l&#39;etradius</strong></span> <span class='ocrx_word' id='word_1_93' title='bbox 229 1553 343 1632; x_wconf 86' lang='lat' dir='ltr'><strong>pariter</strong></span> <span class='ocrx_word' id='word_1_94' title='bbox 356 1553 587 1614; x_wconf 89' lang='lat' dir='ltr'><strong>catechumenus</strong></span> <span class='ocrx_word' id='word_1_95' title='bbox 600 1571 663 1612; x_wconf 87' lang='lat' dir='ltr'><strong>esse</strong></span> <span class='ocrx_word' id='word_1_96' title='bbox 678 1563 836 1628; x_wconf 74' lang='lat' dir='ltr'><strong>meretur,</strong></span> 
     </span>
     <span class='ocr_line' id='line_1_15' title="bbox 67 1639 775 1728; baseline 0.008 -29"><span class='ocrx_word' id='word_1_97' title='bbox 67 1639 155 1723; x_wconf 83' lang='lat' dir='ltr'><strong>Atque</strong></span> <span class='ocrx_word' id='word_1_98' title='bbox 168 1645 315 1707; x_wconf 81' lang='lat' dir='ltr'><strong>salutiferi</strong></span> <span class='ocrx_word' id='word_1_99' title='bbox 332 1647 521 1728; x_wconf 87' lang='lat' dir='ltr'><strong>baptismatis</strong></span> <span class='ocrx_word' id='word_1_100' title='bbox 535 1667 624 1707; x_wconf 86' lang='lat' dir='ltr'><strong>amne</strong></span> <span class='ocrx_word' id='word_1_101' title='bbox 638 1658 775 1706; x_wconf 89' lang='lat' dir='ltr'><strong>novatur.</strong></span> 
     </span>
    </p>

    <p class='ocr_par' dir='ltr' id='par_1_9' title="bbox 67 1731 903 1914">
     <span class='ocr_line' id='line_1_16' title="bbox 69 1731 903 1824; baseline 0.007 -30"><span class='ocrx_word' id='word_1_102' title='bbox 69 1731 114 1798; x_wconf 91' lang='lat' dir='ltr'><strong>Sic</strong></span> <span class='ocrx_word' id='word_1_103' title='bbox 126 1760 199 1819; x_wconf 91' lang='lat' dir='ltr'><strong>puer</strong></span> <span class='ocrx_word' id='word_1_104' title='bbox 214 1753 245 1800; x_wconf 92' lang='lat' dir='ltr'><strong>et</strong></span> <span class='ocrx_word' id='word_1_105' title='bbox 256 1741 397 1802; x_wconf 90' lang='lat' dir='ltr'><strong>dominus</strong></span> <span class='ocrx_word' id='word_1_106' title='bbox 411 1741 536 1802; x_wconf 85' lang='lat' dir='ltr'><strong>maculis</strong></span> <span class='ocrx_word' id='word_1_107' title='bbox 549 1753 715 1824; x_wconf 83' lang='lat' dir='ltr'><strong>purgantur</strong></span> <span class='ocrx_word' id='word_1_108' title='bbox 729 1737 903 1821; x_wconf 85' lang='lat' dir='ltr'><strong>ademptis:</strong></span> 
     </span>
     <span class='ocr_line' id='line_1_17' title="bbox 67 1826 754 1914; baseline 0.01 -27"><span class='ocrx_word' id='word_1_109' title='bbox 67 1826 118 1891; x_wconf 89' lang='lat' dir='ltr'><strong>Iste</strong></span> <span class='ocrx_word' id='word_1_110' title='bbox 131 1832 225 1894; x_wconf 91' lang='lat' dir='ltr'><strong>bostis</strong></span> <span class='ocrx_word' id='word_1_111' title='bbox 240 1832 369 1914; x_wconf 82' lang='lat' dir='ltr'><strong>laqueis3</strong></span> <span class='ocrx_word' id='word_1_112' title='bbox 388 1835 543 1896; x_wconf 86' lang='lat' dir='ltr'><strong>erroribus</strong></span> <span class='ocrx_word' id='word_1_113' title='bbox 556 1834 608 1894; x_wconf 88' lang='lat' dir='ltr'><strong>ille</strong></span> <span class='ocrx_word' id='word_1_114' title='bbox 625 1832 754 1894; x_wconf 90' lang='lat' dir='ltr'><strong>solutus:</strong></span> 
     </span>
    </p>

    <p class='ocr_par' dir='ltr' id='par_1_10' title="bbox 66 1920 898 2199">
     <span class='ocr_line' id='line_1_18' title="bbox 66 1920 828 2009; baseline 0.01 -29"><span class='ocrx_word' id='word_1_115' title='bbox 66 1920 117 1984; x_wconf 91' lang='lat' dir='ltr'><strong>llle</strong></span> <span class='ocrx_word' id='word_1_116' title='bbox 130 1947 237 1989; x_wconf 89' lang='lat' dir='ltr'><strong>carens</strong></span> <span class='ocrx_word' id='word_1_117' title='bbox 247 1929 354 1988; x_wconf 87' lang='lat' dir='ltr'><strong>animae</strong></span> <span class='ocrx_word' id='word_1_118' title='bbox 369 1929 485 2009; x_wconf 79' lang='lat' dir='ltr'><strong>poenis,</strong></span> <span class='ocrx_word' id='word_1_119' title='bbox 499 1929 549 1990; x_wconf 88' lang='lat' dir='ltr'><strong>hic</strong></span> <span class='ocrx_word' id='word_1_120' title='bbox 563 1928 661 1990; x_wconf 86' lang='lat' dir='ltr'><strong>carnis</strong></span> <span class='ocrx_word' id='word_1_121' title='bbox 673 1928 807 1988; x_wconf 88' lang='lat' dir='ltr'><strong>erumnis</strong></span> <span class='ocrx_word' id='word_1_122' title='bbox 819 1949 828 1998; x_wconf 83' lang='lat'><em>3</em></span> 
     </span>
     <span class='ocr_line' id='line_1_19' title="bbox 67 2013 898 2106; baseline 0.006 -31"><span class='ocrx_word' id='word_1_123' title='bbox 67 2013 152 2081; x_wconf 88' lang='lat' dir='ltr'><strong>Liber</strong></span> <span class='ocrx_word' id='word_1_124' title='bbox 163 2035 290 2101; x_wconf 89' lang='lat' dir='ltr'><strong>uterque</strong></span> <span class='ocrx_word' id='word_1_125' title='bbox 305 2043 431 2084; x_wconf 87' lang='lat' dir='ltr'><strong>manens</strong></span> <span class='ocrx_word' id='word_1_126' title='bbox 443 2023 566 2106; x_wconf 82' lang='lat' dir='ltr'><strong>gemino</strong></span> <span class='ocrx_word' id='word_1_127' title='bbox 580 2023 714 2085; x_wconf 86' lang='lat' dir='ltr'><strong>micuere</strong></span> <span class='ocrx_word' id='word_1_128' title='bbox 727 2021 898 2103; x_wconf 75' lang='lat' dir='ltr'><strong>triumpho.</strong></span> 
     </span>
     <span class='ocr_line' id='line_1_20' title="bbox 70 2108 709 2199; baseline 0.006 -27"><span class='ocrx_word' id='word_1_129' title='bbox 70 2108 205 2178; x_wconf 87' lang='lat' dir='ltr'><strong>Conditio</strong></span> <span class='ocrx_word' id='word_1_130' title='bbox 221 2115 326 2177; x_wconf 91' lang='lat' dir='ltr'><strong>famuli</strong></span> <span class='ocrx_word' id='word_1_131' title='bbox 340 2117 467 2178; x_wconf 80' lang='lat' dir='ltr'><strong>libertas</strong></span> <span class='ocrx_word' id='word_1_132' title='bbox 477 2117 555 2178; x_wconf 89' lang='lat' dir='ltr'><strong>facta</strong></span> <span class='ocrx_word' id='word_1_133' title='bbox 569 2117 709 2199; x_wconf 88' lang='lat' dir='ltr'><strong>patroni,</strong></span> 
     </span>
    </p>

    <p class='ocr_par' dir='ltr' id='par_1_11' title="bbox 68 2204 805 2293">
     <span class='ocr_line' id='line_1_21' title="bbox 68 2204 805 2293; baseline 0.003 -27"><span class='ocrx_word' id='word_1_134' title='bbox 68 2204 179 2292; x_wconf 80' lang='lat' dir='ltr'><strong>Accipit</strong></span> <span class='ocrx_word' id='word_1_135' title='bbox 192 2212 249 2273; x_wconf 88' lang='lat' dir='ltr'><strong>iste</strong></span> <span class='ocrx_word' id='word_1_136' title='bbox 263 2213 375 2289; x_wconf 83' lang='lat' dir='ltr'><strong>fidem,</strong></span> <span class='ocrx_word' id='word_1_137' title='bbox 389 2233 460 2274; x_wconf 91' lang='lat' dir='ltr'><strong>cum</strong></span> <span class='ocrx_word' id='word_1_138' title='bbox 473 2211 509 2273; x_wconf 92' lang='lat' dir='ltr'><strong>de</strong></span> <span class='ocrx_word' id='word_1_139' title='bbox 522 2211 575 2272; x_wconf 94' lang='lat' dir='ltr'><strong>illo</strong></span> <span class='ocrx_word' id='word_1_140' title='bbox 591 2211 723 2293; x_wconf 87' lang='lat' dir='ltr'><strong>perfidus</strong></span> <span class='ocrx_word' id='word_1_141' title='bbox 738 2207 805 2270; x_wconf 86' lang='lat' dir='ltr'><strong>exit.</strong></span> 
     </span>
    </p>
   </div>
   <div class='ocr_carea' id='block_1_3' title="bbox 105 2331 989 2510">
    <p class='ocr_par' dir='ltr' id='par_1_12' title="bbox 105 2331 989 2510">
     <span class='ocr_line' id='line_1_22' title="bbox 105 2331 989 2419; baseline -0.006 -4"><span class='ocrx_word' id='word_1_142' title='bbox 105 2363 164 2418; x_wconf 87' lang='lat' dir='ltr'><strong>um</strong></span> <span class='ocrx_word' id='word_1_143' title='bbox 186 2365 424 2419; x_wconf 77' lang='lat' dir='ltr'><strong>nmuotutco</strong></span> <span class='ocrx_word' id='word_1_144' title='bbox 447 2365 607 2418; x_wconf 80' lang='lat' dir='ltr'><strong>nonnum</strong></span> <span class='ocrx_word' id='word_1_145' title='bbox 632 2360 782 2416; x_wconf 79' lang='lat' dir='ltr'><strong>omnus</strong></span> <span class='ocrx_word' id='word_1_146' title='bbox 804 2360 843 2412; x_wconf 79' lang='lat' dir='ltr'><strong>nt</strong></span> <span class='ocrx_word' id='word_1_147' title='bbox 867 2359 915 2411; x_wconf 86' lang='lat' dir='ltr'><strong>os</strong></span> <span class='ocrx_word' id='word_1_148' title='bbox 988 2331 989 2334; x_wconf 51' lang='lat'>‘</span> 
     </span>
     <span class='ocr_line' id='line_1_23' title="bbox 428 2471 588 2510; baseline -0.006 -2"><span class='ocrx_word' id='word_1_149' title='bbox 428 2471 439 2508; x_wconf 92' lang='lat'>1</span> <span class='ocrx_word' id='word_1_150' title='bbox 447 2472 465 2508; x_wconf 80' lang='lat' dir='ltr'>N</span> <span class='ocrx_word' id='word_1_151' title='bbox 474 2472 588 2510; x_wconf 79' lang='lat' dir='ltr'><strong>t&#39;ttttu.</strong></span> 
     </span>
    </p>
   </div>
   <div class='ocr_carea' id='block_1_4' title="bbox 28 2547 931 3227">
    <p class='ocr_par' dir='ltr' id='par_1_13' title="bbox 71 2547 931 3028">
     <span class='ocr_line' id='line_1_24' title="bbox 72 2547 908 2655; baseline -0.007 -21"><span class='ocrx_word' id='word_1_152' title='bbox 72 2547 144 2634; x_wconf 76' lang='lat' dir='ltr'><strong>Nnc</strong></span> <span class='ocrx_word' id='word_1_153' title='bbox 158 2573 251 2655; x_wconf 82' lang='lat' dir='ltr'><strong>longo</strong></span> <span class='ocrx_word' id='word_1_154' title='bbox 267 2571 365 2655; x_wconf 89' lang='lat' dir='ltr'><strong>spatio</strong></span> <span class='ocrx_word' id='word_1_155' title='bbox 379 2570 433 2633; x_wconf 87' lang='lat' dir='ltr'><strong>sub</strong></span> <span class='ocrx_word' id='word_1_156' title='bbox 449 2572 558 2632; x_wconf 91' lang='lat' dir='ltr'><strong>eodem</strong></span> <span class='ocrx_word' id='word_1_157' title='bbox 571 2581 712 2652; x_wconf 90' lang='lat' dir='ltr'><strong>tempore</strong></span> <span class='ocrx_word' id='word_1_158' title='bbox 726 2582 844 2633; x_wconf 87' lang='lat' dir='ltr'><strong>sauctus</strong></span> <span class='ocrx_word' id='word_1_159' title='bbox 905 2621 908 2628; x_wconf 92' lang='lat'><em>.</em></span> 
     </span>
     <span class='ocr_line' id='line_1_25' title="bbox 71 2663 879 2750; baseline 0 -24"><span class='ocrx_word' id='word_1_160' title='bbox 71 2663 157 2730; x_wconf 73' lang='lat' dir='ltr'><strong>forte</strong></span> <span class='ocrx_word' id='word_1_161' title='bbox 171 2669 299 2729; x_wconf 92' lang='lat' dir='ltr'><strong>domum</strong></span> <span class='ocrx_word' id='word_1_162' title='bbox 315 2667 487 2750; x_wconf 81' lang='lat' dir='ltr'><strong>ingrediens</strong></span> <span class='ocrx_word' id='word_1_163' title='bbox 501 2667 533 2727; x_wconf 90' lang='lat' dir='ltr'><strong>in</strong></span> <span class='ocrx_word' id='word_1_164' title='bbox 547 2666 653 2726; x_wconf 90' lang='lat' dir='ltr'><strong>limine</strong></span> <span class='ocrx_word' id='word_1_165' title='bbox 667 2666 799 2727; x_wconf 91' lang='lat' dir='ltr'><strong>substitit</strong></span> <span class='ocrx_word' id='word_1_166' title='bbox 812 2665 879 2747; x_wconf 90' lang='lat' dir='ltr'><strong>ipso</strong></span> 
     </span>
     <span class='ocr_line' id='line_1_26' title="bbox 71 2758 931 2835; baseline -0.001 -14"><span class='ocrx_word' id='word_1_167' title='bbox 71 2758 253 2824; x_wconf 81' lang='lat' dir='ltr'><strong>Terribilem</strong></span> <span class='ocrx_word' id='word_1_168' title='bbox 267 2763 399 2824; x_wconf 87' lang='lat' dir='ltr'><strong>referens</strong></span> <span class='ocrx_word' id='word_1_169' title='bbox 411 2781 442 2823; x_wconf 93' lang='lat' dir='ltr'><strong>se</strong></span> <span class='ocrx_word' id='word_1_170' title='bbox 456 2783 582 2824; x_wconf 88' lang='lat' dir='ltr'><strong>cernere</strong></span> <span class='ocrx_word' id='word_1_171' title='bbox 593 2760 753 2822; x_wconf 82' lang='lat' dir='ltr'><strong>Daemonis</strong></span> <span class='ocrx_word' id='word_1_172' title='bbox 764 2761 904 2834; x_wconf 88' lang='lat' dir='ltr'><strong>umbram</strong></span> <span class='ocrx_word' id='word_1_173' title='bbox 918 2803 931 2835; x_wconf 69' lang='lat'>,</span> 
     </span>
     <span class='ocr_line' id='line_1_27' title="bbox 72 2855 798 2939; baseline 0 -23"><span class='ocrx_word' id='word_1_174' title='bbox 72 2855 259 2939; x_wconf 77' lang='lat' dir='ltr'><strong>Arreptoque</strong></span> <span class='ocrx_word' id='word_1_175' title='bbox 272 2879 346 2920; x_wconf 90' lang='lat' dir='ltr'><strong>coco</strong></span> <span class='ocrx_word' id='word_1_176' title='bbox 357 2870 442 2919; x_wconf 85' lang='lat' dir='ltr'><strong>vexat</strong></span> <span class='ocrx_word' id='word_1_177' title='bbox 455 2858 519 2918; x_wconf 89' lang='lat' dir='ltr'><strong>fera</strong></span> <span class='ocrx_word' id='word_1_178' title='bbox 532 2855 632 2917; x_wconf 87' lang='lat' dir='ltr'><strong>bellua</strong></span> <span class='ocrx_word' id='word_1_179' title='bbox 645 2856 798 2937; x_wconf 86' lang='lat' dir='ltr'><strong>praedam,</strong></span> 
     </span>
     <span class='ocr_line' id='line_1_28' title="bbox 72 2947 784 3028; baseline 0 -18"><span class='ocrx_word' id='word_1_180' title='bbox 72 2947 217 3012; x_wconf 88' lang='lat' dir='ltr'><strong>Dentibus</strong></span> <span class='ocrx_word' id='word_1_181' title='bbox 231 2953 352 3013; x_wconf 84' lang='lat' dir='ltr'><strong>annatis</strong></span> <span class='ocrx_word' id='word_1_182' title='bbox 365 2954 500 3014; x_wconf 87' lang='lat' dir='ltr'><strong>lacerans</strong></span> <span class='ocrx_word' id='word_1_183' title='bbox 512 2973 563 3028; x_wconf 83' lang='lat' dir='ltr'><strong>se,</strong></span> <span class='ocrx_word' id='word_1_184' title='bbox 579 2951 641 3012; x_wconf 87' lang='lat' dir='ltr'><strong>sive</strong></span> <span class='ocrx_word' id='word_1_185' title='bbox 655 2949 784 3011; x_wconf 43' lang='lat' dir='ltr'><strong>sodalese</strong></span> 
     </span>
    </p>

    <p class='ocr_par' dir='ltr' id='par_1_14' title="bbox 28 3041 931 3227">
     <span class='ocr_line' id='line_1_29' title="bbox 73 3041 931 3130; baseline -0.008 -25"><span class='ocrx_word' id='word_1_186' title='bbox 73 3041 163 3130; x_wconf 79' lang='lat' dir='ltr'><strong>&#39;l&#39;erga</strong></span> <span class='ocrx_word' id='word_1_187' title='bbox 176 3047 286 3108; x_wconf 86' lang='lat' dir='ltr'><strong>dabant</strong></span> <span class='ocrx_word' id='word_1_188' title='bbox 299 3048 393 3124; x_wconf 84' lang='lat' dir='ltr'><strong>socii,</strong></span> <span class='ocrx_word' id='word_1_189' title='bbox 406 3069 465 3110; x_wconf 87' lang='lat' dir='ltr'><strong>uec</strong></span> <span class='ocrx_word' id='word_1_190' title='bbox 476 3047 634 3126; x_wconf 89' lang='lat' dir='ltr'><strong>quisquam</strong></span> <span class='ocrx_word' id='word_1_191' title='bbox 647 3045 692 3105; x_wconf 91' lang='lat' dir='ltr'><strong>ire</strong></span> <span class='ocrx_word' id='word_1_192' title='bbox 708 3043 814 3105; x_wconf 88' lang='lat' dir='ltr'><strong>obvius</strong></span> <span class='ocrx_word' id='word_1_193' title='bbox 828 3041 931 3102; x_wconf 82' lang='lat' dir='ltr'><strong>audet.</strong></span> 
     </span>
     <span class='ocr_line' id='line_1_30' title="bbox 28 3127 779 3227; baseline -0.001 -26"><span class='ocrx_word' id='word_1_194' title='bbox 28 3219 29 3226; x_wconf 8' lang='grc' dir='ltr'>ἵ</span> <span class='ocrx_word' id='word_1_195' title='bbox 73 3133 127 3201; x_wconf 81' lang='lat' dir='ltr'><strong>Vix</strong></span> <span class='ocrx_word' id='word_1_196' title='bbox 137 3141 204 3206; x_wconf 89' lang='lat' dir='ltr'><strong>loca</strong></span> <span class='ocrx_word' id='word_1_197' title='bbox 216 3154 278 3204; x_wconf 90' lang='lat' dir='ltr'><strong>tuta</strong></span> <span class='ocrx_word' id='word_1_198' title='bbox 291 3143 365 3227; x_wconf 79' lang='lat' dir='ltr'><strong>fugae</strong></span> <span class='ocrx_word' id='word_1_199' title='bbox 379 3141 533 3224; x_wconf 85' lang='lat' dir='ltr'><strong>capientes</strong></span> <span class='ocrx_word' id='word_1_200' title='bbox 547 3127 680 3224; x_wconf 77' lang='lat' dir='ltr'><strong>praepefe</strong></span> <span class='ocrx_word' id='word_1_201' title='bbox 694 3137 779 3201; x_wconf 88' lang='lat' dir='ltr'><strong>saltu.</strong></span> 
     </span>
    </p>
   </div>
   <div class='ocr_carea' id='block_1_5' title="bbox 0 0 1116 3844">
    <p class='ocr_par' dir='ltr' id='par_1_15' title="bbox 0 0 1116 3844">
     <span class='ocr_line' id='line_1_31' title="bbox 0 0 1116 3844; baseline 0 1"><span class='ocrx_word' id='word_1_202' title='bbox 0 0 1116 3844; x_wconf 95' lang='lat' dir='ltr'><strong> </strong></span> 
     </span>
    </p>
   </div>
  </div>
 </body>
</html>
