2218 3862
152 309 215 374 tn
415 317 448 368 v.
472 316 508 368 u.
533 316 780 369 rouruuurr

196 415 270 495 Quo
284 427 328 476 est
340 432 424 476 saera
435 414 522 473 turha
533 431 640 472 senum
651 413 698 474 his
710 415 849 478 duodena
861 431 999 498 patrum.

150 511 235 573 Inter
247 509 445 592 apostolicum
460 528 620 568 numerum
634 507 773 570 rutilante
787 525 905 584 senatu,

194 601 269 684 Quo
282 605 365 664 sedet
377 603 442 682 ipse
454 601 566 661 throno
579 621 629 660 rex
640 601 699 661 sibi
715 599 851 665 Christus
863 626 967 670 arnor.

153 696 227 776 Quo
239 697 356 759 excellit
365 717 435 758 corn
446 695 528 756 clare
539 693 660 770 Petrus,
671 717 740 757 cum
755 700 894 781 dogmate
908 698 1046 778 Paulus,

193 790 302 874 Fulget
313 803 344 851 et
357 790 390 850 in
403 789 526 869 reliquis
540 788 657 869 palma,
672 810 802 865 corona,
815 794 898 854 fides.

152 883 226 965 Quo
239 884 306 946 loca
320 883 501 967 martyribus
512 883 650 942 vernanti
662 882 778 945 lumine
792 884 921 964 florent,

190 979 290 1058 Atque
303 978 383 1037 libro
398 978 464 1038 vitae
477 989 521 1037 est
533 953 661 1057 scrhptns
673 975 789 1039 honore
802 998 907 1042 cruor.

149 1071 223 1152 Quo
235 1071 420 1134 consessores
430 1083 581 1152 gemmata
594 1069 703 1150 palatia
715 1071 892 1152 complent,

193 1165 419 1242 AEteruumque
433 1177 535 1224 tenent
547 1183 638 1224 aurea
652 1177 729 1226 tecta
743 1165 836 1225 diem.

152 1256 217 1320 Stat
223 1281 342 1339 quoque
349 1271 417 1339 post
425 1256 570 1340 lacrymas
578 1257 714 1319 ubinunc
722 1257 915 1341 Radegundis
925 1261 1043 1343 opima,

191 1351 308 1413 Forsan
322 1365 352 1412 et
368 1349 500 1432 Eugenia
511 1351 588 1411 haue
600 1363 681 1411 tenet
694 1351 745 1411 itta
757 1373 894 1413 manum.

152 1445 221 1506 Hos
235 1447 313 1506 inter
323 1444 473 1504 Martinus
484 1444 575 1505 hahet
589 1445 757 1505 diademata
770 1445 916 1525 pulcher,

190 1539 291 1618 Atque
302 1538 392 1600 sacris
406 1537 516 1598 lumbis
530 1537 641 1620 fulgida
654 1559 729 1598 zona
743 1540 828 1599 viret.

152 1629 263 1694 cmm
276 1645 305 1692 et
318 1633 450 1714 egregios
465 1627 579 1693 Christi
592 1632 629 1691 de
643 1645 740 1692 morte
753 1631 945 1714 triumphos,

190 1723 291 1802 Atque
302 1726 464 1805 resurgenti
478 1723 591 1804 plaudit
605 1744 710 1784 amore
723 1722 807 1784 Deo.

151 1815 369 1895 Huncquoqne
376 1813 546 1876 Martinum
553 1816 661 1890 colitis,
668 1837 759 1896 quem
766 1837 856 1899 regna
862 1832 1042 1899 patronum,

192 1909 257 1970 Vos
269 1909 392 1972 huncio
405 1911 513 1984 terris,
528 1930 582 1971 vos
594 1929 714 1970 mernor
726 1909 778 1970 ille
793 1911 880 1992 polis.

145 2003 213 2066 Vos
223 2005 302 2063 intra
312 2002 459 2086 angelieas
471 2016 584 2064 turmas
596 2017 682 2066 canat
692 2003 745 2064 itte
757 2005 813 2064 sub
825 2005 934 2082 astris,

193 2095 253 2160 Cui
266 2119 319 2158 ros
330 2109 398 2157 ante
411 2097 550 2157 homines
563 2097 647 2158 sertis
657 2097 775 2158 honore
789 2098 882 2159 diem:

148 2191 288 2252 Nomina
300 2203 396 2252 vestre
408 2191 483 2274 legat
496 2191 673 2270 patriarchis
685 2205 773 2272 atque
786 2192 964 2274 prophetis,

192 2284 252 2348 Cui
263 2286 353 2346 hodie
367 2286 398 2345 in
413 2284 528 2364 templo
542 2285 700 2368 diptychus
712 2286 774 2346 edit
787 2287 872 2346 ebur.

146 2377 265 2440 Reddat
278 2379 458 2460 apostolicos
470 2398 612 2459 proceres
624 2378 814 2459 reliquosque
827 2392 994 2459 patronos,

193 2473 296 2552 Quem
310 2493 362 2533 vos
376 2471 554 2546 hic'colitis,
569 2472 616 2533 vel
631 2472 681 2552 pia
694 2471 767 2532 festa
782 2472 866 2532 datis.

150 2564 259 2647 Pergat
269 2579 299 2626 et
310 2566 348 2626 ad
362 2562 516 2627 Christum
530 2586 588 2647 pro
601 2565 686 2627 vohis
698 2564 750 2625 ille
764 2579 921 2646 precator,

193 2657 253 2720 Cui
265 2680 317 2720 vos
331 2660 362 2717 in
376 2659 497 2739 templis
508 2672 578 2720 rota
590 2659 742 2740 precando
753 2661 837 2719 datis.

149 2752 229 2813 Ante
242 2751 305 2833 poli
319 2752 427 2812 referat
437 2773 488 2812 sua
502 2753 564 2814 haee
576 2751 723 2813 solemnia
736 2774 855 2835 regern,

191 2845 312 2906 Dentur
322 2858 353 2906 ut
366 2846 437 2908 hinc
448 2847 533 2907 vobis
546 2867 637 2928 regna
647 2843 749 2906 salutis
760 2866 843 2927 opes

149 2939 285 3020 Deputet
296 2953 326 3000 et
336 2940 475 3000 dominus
485 2954 616 3002 vestrum
629 2940 708 3002 hunc
720 2960 783 3001 esse
795 2953 977 3020 patronum,

192 3031 238 3092 Ut
251 3036 342 3094 modo
354 3035 405 3113 qui
419 3032 545 3109 colitur,
560 3054 612 3095 vos
624 3033 701 3095 colat
714 3034 800 3116 hujus
812 3056 897 3116 opus.

152 3123 217 3202 Qui
229 3127 310 3186 dedit
322 3128 372 3189 hie
383 3127 518 3187 habitans
532 3127 676 3188 miracula
688 3127 820 3210 plurimu
832 3129 938 3203 terris,
