2222 3852
167 293 229 368 254
424 303 457 356 v.
477 303 511 356 u.
526 302 784 362 ronruuam

209 398 328 462 Ordine
342 399 487 483 disposito
501 415 606 466 cuneta
617 403 743 484 requirit
755 425 851 470 amor.

168 491 201 554 Si
215 494 310 576 gravis
322 513 406 556 artua
418 507 522 556 tenens
534 494 624 558 Italas
638 499 706 559 terit
719 499 812 562 hostis
824 520 951 582 arenas,

208 587 342 652 Francos
354 602 404 650 aut
417 590 483 670 quis
495 590 599 664 habet,
614 592 722 675 pagina
734 597 859 674 pandat,
874 618 958 681 ager.

167 683 254 766 Quid
265 684 343 767 geris
354 704 407 745 ore
421 685 516 761 refer,
531 698 632 746 tamen
644 698 675 746 ut
689 709 767 766 queo
780 687 896 774 longius
909 705 1011 774 opto,

207 779 301 842 Vivas
313 798 382 860 pars
394 779 502 840 animae
515 779 670 840 dimidiata
683 801 768 842 mete.

187 934 267 989 XXI.
292 932 346 984 nl)
371 931 677 985 SIGISMUNDUM
699 932 749 985 ET
772 936 1043 997 ALAGISLUM.

168 1049 492 1134 Nouummteomm
506 1067 961 1155 mutunuseptsuupanuu,

210 1165 294 1226 Hinc
308 1160 483 1244 sigimunde
496 1162 609 1238 nitens,
623 1162 694 1228 hinc
708 1163 838 1248 Alagisle
851 1168 973 1235 decens.

168 1258 355 1340 Prosperitas
367 1253 438 1315 felix
448 1267 607 1316 ventorum
616 1254 738 1318 [lamina
750 1258 863 1336 fundit,

210 1351 342 1430 Quando
355 1349 430 1409 mihi
444 1368 529 1410 caros
539 1350 655 1410 nuntiat
667 1370 738 1412 aura
751 1353 839 1415 viros.

166 1449 276 1512 Testor
288 1458 446 1522 utrumque
460 1456 564 1524 caput,
577 1457 691 1505 tautum
703 1467 772 1507 mea
784 1461 853 1508 vota
864 1450 1024 1530 juvantur,

210 1541 367 1621 Quantum
378 1537 411 1596 fit
423 1535 534 1598 florens
545 1537 612 1597 laeta
622 1539 676 1599 sub
690 1540 788 1600 imbre
799 1562 891 1625 seges.
958 1624 962 1630 .

166 1637 217 1699 Ne
231 1635 330 1698 sitiam
342 1631 455 1712 rapidis
467 1631 566 1692 aestivo
578 1644 715 1712 tempore
726 1632 874 1710 flammis,

208 1727 352 1792 Nectarei
365 1726 456 1786 sontis
468 1745 534 1784 sum
548 1737 696 1787 recreatus
709 1727 801 1806 aquis.

166 1824 239 1886 Post
252 1822 340 1884 Italas
353 1833 446 1881 terras
458 1817 551 1878 mittis
562 1818 636 1878 mihi
650 1818 758 1881 Rhene
771 1835 931 1902 parentes,

206 1918 344 1978 Adventu
356 1914 482 1980 fratrum
493 1932 555 1972 non
569 1913 743 1996 peregrinus
756 1935 818 1975 ero.

128 2079 132 2092 Δ
163 2011 317 2093 Tempore
328 2006 472 2090 belligero
485 2006 566 2088 pacis
579 2027 655 2068 nova
667 2008 772 2088 gaudia
784 2024 924 2091 surgunt,

206 2106 251 2166 Hi
263 2105 332 2185 quia
344 2112 489 2163 venerunt
501 2121 576 2180 quos
588 2122 671 2162 meus
684 2115 767 2184 optat
780 2123 876 2164 amor.

165 2199 231 2282 Qui
244 2199 346 2261 festiva
359 2197 407 2257 die
420 2195 495 2256 mihi
508 2194 679 2275 duplicastis
690 2196 856 2274 honorem,

205 2292 257 2356 Sic
270 2304 365 2356 vester
376 2303 488 2353 crescat
499 2310 624 2350 munere
638 2290 715 2373 regis
727 2291 834 2352 honor.

163 2443 252 2499 xxtt.
271 2445 324 2497 nt>
348 2440 552 2494 BOSONEM
574 2441 778 2510 QUENDAM
799 2444 1053 2501 PRINCIPEM.

163 2558 224 2644 Sto
237 2589 313 2661 tegat
325 2576 517 2658 omnipotens
529 2573 675 2635 radiantia
688 2574 819 2636 eulmina
831 2577 931 2659 regis,

202 2672 301 2751 Atque
314 2671 376 2751 ejus
388 2689 487 2730 causas
499 2683 583 2729 arma
594 2688 724 2749 superna
735 2684 847 2752 regant.

161 2764 215 2830 sie
228 2764 386 2834 dominum
397 2782 432 2825 ac
443 2783 545 2826 servos
557 2763 657 2825 diviua
670 2763 804 2844 potentia
814 2777 932 2842 servet,

201 2858 244 2920 Et
254 2857 357 2940 patriae
369 2870 487 2919 moueat
500 2857 558 2920 hoc
571 2855 745 2918 dominante
757 2857 842 2918 salus.

162 2955 213 3019 sic
222 2952 341 3037 placido
351 2952 414 3036 regi
426 2972 578 3026 summus,
591 2951 660 3032 pius
672 2964 775 3014 auctor
786 2953 824 3014 ab
837 2951 916 3026 alto,

202 3048 267 3128 Qui
278 3046 361 3108 dedit
371 3058 439 3107 aute
452 3044 560 3120 Petro,
575 3044 708 3128 porrigat
721 3046 786 3127 ipse
798 3065 935 3109 manum.

160 3143 212 3206 Sic
222 3155 251 3203 te
264 3141 389 3224 longaevi
400 3139 559 3205 comitetur
569 3137 663 3222 gratia
676 3140 771 3223 regis,
