2222 3852
140 199 201 264 260
405 215 440 271 t.
456 216 492 271 Η.
509 215 759 270 conruunt

140 309 270 374 Terram
281 310 420 372 habitans
431 311 522 374 nelos
534 311 626 371 intrat
637 313 715 374 bene
728 312 825 372 libera
835 332 950 389 sensu,

182 406 283 484 Atque
293 405 434 467 homines
446 406 528 466 inter
537 407 599 487 jam
612 426 703 488 super
713 419 791 468 astra
803 408 890 488 petit.

143 496 238 582 Cujus
249 513 318 561 sunt
331 499 428 582 epulae
440 499 584 579 quicquid
594 500 646 582 pia
656 501 758 584 regula
769 502 892 583 pandit,

185 599 343 680 Quicquid
356 597 524 681 Gregorius
536 596 726 675 Basiliusque
739 598 858 659 docent.

143 696 225 759 Acer
238 693 434 769 Athanasius,
447 693 530 772 qnod
541 691 617 752 lenis
631 689 769 751 Hilarius
782 692 891 767 edunt,

187 787 277 868 Quos
290 807 384 850 causae
394 787 493 848 socios
505 785 554 845 lux
565 797 646 845 tenet
657 804 717 845 una
726 785 813 846 duos.

147 881 244 962 Quod
254 894 338 942 tonat
347 880 550 954 Ambrosius,
564 877 773 963 Hieronymus
782 893 871 960 atque
884 893 1050 956 coruscat,

190 975 262 1037 Sive
273 975 453 1058 Augustinus
467 973 551 1033 sonte
564 970 675 1032 fluente
689 973 772 1054 rigat.

151 1067 290 1131 Sedulius
303 1067 414 1143 dulcis,
428 1067 511 1146 quod
525 1061 656 1126 Orosius
669 1067 730 1126 edit
740 1079 859 1143 acutus,

191 1161 307 1245 Regula
321 1159 445 1225 Caesarii
457 1160 537 1220 linea
551 1173 620 1219 nata
633 1159 692 1220 sibi
705 1172 757 1219 est.

150 1254 211 1317 His
223 1255 313 1316 alitur
324 1256 425 1337 jejuna
438 1253 529 1328 cibis,
543 1252 665 1334 palpata
677 1272 734 1315 nec
746 1272 882 1332 unqm

191 1349 245 1410 Fit
257 1369 346 1425 caro,
359 1349 397 1409 sit
409 1347 469 1408 nisi
480 1349 542 1429 jam
554 1346 677 1427 spiritus
689 1359 758 1407 ante
768 1360 858 1408 satur.

154 1439 274 1506 Caetera
286 1464 365 1506 nunc
377 1455 491 1504 taceam
503 1439 630 1516 melius,
644 1441 714 1523 quia
726 1452 800 1501 teste
812 1438 962 1504 Tonante

192 1538 377 1616 Jndicioque
390 1534 454 1597 Dei
465 1535 629 1618 glorificata
641 1546 775 1595 manent.

155 1631 221 1713 Qui
232 1651 284 1692 sna
297 1630 421 1711 quisque
434 1641 533 1711 potest
544 1639 716 1690 sanctorum
730 1625 866 1689 carmina
876 1638 1001 1703 raum,

195 1724 297 1784 Mittas
312 1725 342 1783 in
356 1723 466 1806 exiguis
478 1741 603 1782 munera
615 1721 696 1804 larga
709 1720 803 1782 libris.

156 1817 199 1881 Se
212 1829 295 1899 putet
306 1817 378 1878 inde
391 1815 462 1878 Deo
475 1815 621 1878 aedificare
634 1815 787 1876 manentia
797 1813 931 1896 templa,

198 1909 345 1992 Quisquis
357 1910 386 1972 ei
398 1910 476 1972 votis
487 1910 597 1992 scripta
608 1910 696 1971 beata
708 1908 794 1970 serat.

158 2004 236 2066 Haec
247 2024 367 2084 qnoque
380 2004 432 2084 qni
443 2003 540 2087 legitis
549 2024 623 2086 rogo
636 2003 751 2064 reddite
762 2002 854 2064 verba
865 2001 990 2080 salutis,

199 2097 284 2160 Nam
297 2097 373 2158 mihi
385 2097 488 2159 charta
497 2097 587 2173 levis,
601 2097 720 2178 pondus
734 2097 847 2158 amoris
860 2096 927 2156 eric

158 2260 505 2321 11.DE1T1NERESUO,
521 2261 602 2314 DUM
619 2260 696 2313 CUM
712 2260 844 2313 DOMNO
861 2260 1048 2313 GERMANO

188 2355 239 2393 ran
255 2353 396 2400 nauum,
411 2353 447 2392 ar
464 2352 482 2389 a
495 2351 596 2391 nonna
612 2351 783 2392 nannenunr
798 2353 1018 2391 narrunanrua.

160 2465 299 2550 Enrcar
309 2509 379 2552 ecce
391 2488 473 2564 dies,
487 2488 576 2548 nobis
587 2488 644 2549 iter
657 2489 746 2550 instat
757 2494 927 2574 agendum,

200 2582 314 2645 Debita
326 2581 518 2664 persolvens,
532 2583 641 2646 emicat
651 2604 721 2648 ecce
735 2585 808 2646 dies.

160 2675 216 2738 Me
229 2688 315 2738 vocat
327 2675 397 2736 inde
408 2687 494 2756 pater
505 2677 623 2738 radians
636 2677 808 2741 Germanus
821 2680 853 2740 in
867 2676 966 2753 orbe,

205 2769 288 2833 Hinc
300 2769 408 2830 retinet
420 2783 534 2846 mater,
547 2791 598 2833 me
611 2787 697 2836 vocat
710 2775 780 2835 inde
793 2786 887 2855 pater.

161 2863 269 2927 Dulcis
281 2877 404 2942 uterque
417 2863 495 2924 mihi
505 2877 576 2925 voto
590 2867 790 2948 amplectente
803 2865 942 2939 cohaesit,

204 2956 317 3022 Plenus
327 2977 432 3019 amore
444 2955 524 3033 Dei,
538 2960 632 3023 dulcis
645 2975 768 3044 uterque
781 2961 867 3022 mihi.

166 3051 276 3116 Carior
284 3054 349 3121 haec
358 3052 460 3117 animo
473 3071 556 3117 sacer
568 3054 620 3119 itte
633 3057 791 3122 ethonore
803 3056 913 3132 beato,
1014 3077 1020 3100 ·
