2218 3862
296 373 534 434 ronunrun
554 373 682 432 urere
704 381 756 434 tx.
910 363 971 427 3ι5

130 469 222 534 Visus
234 483 264 533 et
276 471 436 534 a'tlominis
447 471 511 552 ipse
524 483 658 532 retentor
669 491 758 550 equo.

90 565 252 628 Musellam
265 567 336 628 hinc
347 567 454 646 jubeor
467 585 642 645 percurrere
654 566 752 627 navita
766 585 868 643 remo,

131 661 310 723 Acceleraus
319 659 455 720 tremulis
467 679 590 741 pergere
603 659 702 740 lapsus
715 661 807 739 aquis.

90 753 320 834 Ascendensque
331 765 426 813 ratem
438 751 540 834 gracili
553 753 637 813 trabe
651 765 737 814 nauta
750 752 887 831 cucurri,

131 847 163 906 N
167 868 201 909 ec
213 847 368 928 compulsa
380 847 459 907 notis
472 865 563 927 prora
577 847 695 907 volabat
708 848 802 928 aquis.

90 941 213 1003 Interea
226 941 309 1003 locus
322 954 366 1002 est
377 961 432 1022 per
445 958 511 1000 saxa
522 939 644 1002 latentia
657 941 747 1022 ripis,

134 1033 251 1096 Littore
265 1035 426 1096 constricto
439 1033 506 1114 plus
517 1033 594 1093 levat
607 1031 686 1094 unda
699 1048 796 1114 caput.

92 1125 167 1192 Huc
179 1149 302 1210 proram
315 1127 495 1208 implicitam
509 1127 605 1208 rapuit
620 1127 700 1189 celer
714 1129 843 1209 impetus
857 1142 972 1208 actam,·

134 1223 218 1284 Nam
230 1221 327 1305 prope
339 1224 400 1304 jam
414 1219 541 1282 tumidas
554 1216 656 1282 ventre
670 1222 793 1282 bibebat
803 1241 903 1304 aquas.
950 1233 951 1239 ’

90 1315 242 1398 Ereptum
253 1316 341 1376 libuit
354 1314 470 1396 patulos
484 1335 533 1374 me
547 1335 671 1376 cernere
685 1331 826 1397 campos,

133 1409 175 1470 Et
186 1411 300 1492 fugiens
312 1409 448 1492 pelagus,
462 1409 540 1469 ruris
550 1429 667 1469 amnena
681 1423 761 1490 peto.

91 1502 220 1586 Gurgite
232 1503 380 1585 suscipior
392 1504 494 1564 subter
505 1522 624 1582 quoque
638 1501 771 1566 fluminis
785 1502 904 1584 ornes,

135 1595 209 1674 Quo
222 1597 371 1678 duplicata
383 1595 477 1658 fluens
489 1598 569 1657 unda
581 1587 721 1659 secundat
734 1598 801 1660 iter.

88 1688 168 1752 Inde
180 1710 235 1770 per
246 1690 375 1753 exclusas
388 1681 472 1753 cauta
484 1685 549 1752 rate
558 1691 833 1773 pergimusuutlas,

133 1782 184 1844 Ne
197 1784 288 1845 veluti
302 1775 417 1868 piscem
428 1804 478 1844 me
490 1805 609 1864 quoque
622 1804 706 1845 nassa
718 1785 806 1850 leret.

86 1873 176 1937 Inter
186 1876 330 1956 villarum
338 1877 483 1937 fumantia
494 1877 625 1939 culmina
636 1874 731 1958 ripis,

134 1968 283 2031 Pervenio
297 1990 355 2051 qua
368 1992 399 2032 se
411 1970 531 2032 volvere
546 1968 623 2031 Sura
634 1971 722 2031 valet.

89 2063 169 2121 lude
181 2083 238 2141 per
251 2077 379 2122 extantes
392 2065 484 2122 colles
497 2077 526 2121 et
538 2084 668 2127 concava
678 2063 762 2126 vallis
770 2081 783 2140 ,·

133 2153 183 2213 Λᾶ
196 2152 303 2215 Suram
315 2154 419 2236 pronis
432 2153 542 2230 labitur
552 2152 649 2212 amnis
661 2154 754 2233 aquis.

91 2245 248 2309 Perducor
260 2247 420 2311 Treuirum
433 2268 490 2326 qua
502 2246 613 2306 moenia
625 2246 703 2308 celsa
715 2258 869 2326 patescunt
876 2265 889 2326 ‚'

134 2338 219 2400 Urbs
232 2362 349 2421 quoque
363 2341 512 2402 nobilium
525 2339 635 2400 nobilis
647 2361 730 2420 aeque
745 2354 841 2422 caput.

89 2431 242 2494 Ducimur
254 2434 324 2496 binc
334 2433 425 2495 iluvio
437 2455 496 2513 quo
510 2432 641 2495 culmina
653 2433 751 2512 prisca
762 2446 878 2496 senatus
886 2452 899 2511 ,·

135 2525 208 2604 Quo
220 2541 300 2607 patet
314 2528 432 2589 indiciis
445 2529 509 2608 ipsa
524 2527 610 2586 ruina
623 2538 739 2606 potens.

90 2617 237 2697 Undique
250 2621 450 2702 prospicimus
463 2620 635 2680 minitantes
647 2619 757 2680 vertice
770 2625 906 2697 montes‚'

136 2710 249 2772 Nubila
262 2734 321 2793 quo
333 2726 493 2795 penetrans
503 2712 594 2795 surgit
606 2724 690 2774 acuta
700 2712 780 2774 silex.

93 2801 165 2883 Qua
178 2804 272 2866 celsos
283 2808 422 2889 scopulos
435 2819 585 2888 praerupta
599 2806 753 2869 cacumina
765 2808 889 2869 tendunt
896 2823 909 2884 ,’

136 2895 282 2978 Hispidus
295 2913 324 2960 et
336 2900 457 2962 tumulis
469 2901 623 2964 crescit'ad
636 2912 713 2960 astra
725 2899 811 2980 lapis.

92 2987 162 3051 Nec
174 3005 256 3053 vacat
269 2993 431 3077 bierigidis
444 2995 508 3055 sine
522 2994 664 3055 fructibus
676 3013 738 3052 esse
751 2992 878 3074 lapillis,
966 3015 969 3021 ·

133 3079 275 3164 Denique
288 3089 472 3168 parturiunt,
485 3107 609 3166 saxaque
622 3086 690 3148 vina
700 3083 804 3144 fluunt.

91 3172 222 3241 Palmite
236 3182 355 3246 vestitos
365 3182 415 3246 hic
427 3181 550 3262 respicis
563 3180 694 3260 undique
708 3176 817 3255 tofles,
