2230 3838
179 304 220 371 88
429 295 464 370 'v.
498 316 533 371 rr.
563 316 808 372 ronrnnarr

179 413 221 476 Et
234 415 297 478 visa
310 425 354 477 est
366 411 483 474 meritis
496 430 620 474 curvare
632 412 790 474 cacumina
802 413 892 493 coeli,

181 513 255 594 Quo
269 510 367 573 vicina
380 508 437 569 tibi
450 507 558 570 fierent
571 505 693 569 oracula
706 503 839 585 Christi,

179 607 394 691 Expositaeqnc
407 622 514 685 preces
525 615 595 664 ante
608 621 663 664 ora
674 602 759 665 fuere
773 600 938 683 Tonantis,

176 705 226 768 Ac
239 701 362 765 recitata
374 700 430 761 fuit
442 699 494 782 pia
504 719 561 760 vox
573 698 757 761 dominantis
770 699 800 761 in
814 720 942 778 aurern,

176 799 253 862 Mox
264 797 384 860 bonitas
395 795 519 856 indulsit
531 815 624 876 opem
637 807 784 875 presente
796 795 931 874 medela,

177 893 320 976 Corpora
332 891 463 954 desernit
476 889 671 951 membratim
683 890 766 952 tabes
777 891 896 953 acerba.

177 989 244 1072 Qui
254 1001 381 1072 potuere
394 985 474 1047 mori
486 1029 495 1062 ,
508 985 613 1046 subitae
625 986 743 1048 rediere
757 986 865 1063 saluti,

166 1083 218 1172 ¹Et
230 1084 387 1168 viguerunt
400 1102 472 1164 spe,
487 1081 585 1163 pede,
601 1079 734 1156 viscere,
749 1081 885 1157 lumine,
899 1101 1002 1160 voce,

174 1181 222 1243 Ac
234 1179 360 1263 languor
372 1176 503 1240 moritur
516 1174 628 1237 virenti
642 1175 673 1236 iu
684 1197 778 1238 earne
792 1176 934 1260 sepultus.

174 1274 285 1351 Unde,
300 1286 402 1356 pater,
416 1270 573 1334 modicum
585 1290 642 1352 pro
653 1270 729 1332 vivis
740 1292 825 1332 sume
836 1271 1004 1347 tributum,

172 1370 297 1432 Fcnore
310 1367 358 1430 vel
371 1366 501 1428 minimo
513 1364 645 1427 tolerans
659 1367 732 1427 dum
745 1367 846 1428 debita
859 1366 955 1430 solvo.

174 1465 237 1528 Sed
249 1483 347 1544 neque
359 1461 503 1542 suscepit,
516 1481 615 1540 neque
629 1461 763 1543 reppulit
774 1461 826 1522 ille
839 1464 921 1544 qnod
933 1461 1047 1536 oll'ert,

171 1559 252 1622 Ante
263 1556 438 1618 monasterii
451 1557 504 1617 sed
517 1576 608 1637 quam
620 1555 700 1618 bene
712 1556 807 1617 limen
818 1557 936 1636 adiret,

174 1652 311 1736 Captivis
323 1651 417 1713 tribui
429 1650 618 1713 redimendis
630 1652 767 1734 pondera
779 1653 874 1734 jussit.

173 1747 227 1811 Sic
239 1767 300 1809 uno
315 1767 350 1808 ex
363 1765 433 1808 casu
444 1745 503 1806 fert
513 1747 594 1807 dona
606 1746 734 1830 gemella
746 1745 852 1809 beatus
864 1771 874 1808 t

173 1843 234 1906 llis
246 1843 418 1904 libertatem
432 1841 533 1919 dedit,
548 1841 609 1904 illis
621 1843 701 1904 unde
714 1841 860 1921 salntem,

171 1939 219 2001 Ut
230 1939 325 2000 modo
339 1937 450 2019 captivi
464 1938 546 1998 duris
557 1937 686 1999 laxantia
696 1936 797 2020 poenis

171 2034 218 2097 Ac
231 2032 377 2097 concordi
389 2032 493 2093 animo
508 2033 681 2095 cecinerunt
690 2032 797 2117 gaudia
809 2032 927 2114 plaustr.

172 2129 246 2192 Hoc
258 2129 341 2190 idem
354 2140 398 2190 est
409 2128 541 2203 mirum,
555 2128 670 2189 niteant
681 2128 706 2188 si
719 2128 812 2191 verba
824 2128 937 2204 relatu,

173 2223 319 2288 Occurrit
331 2222 414 2286 cellae
427 2244 498 2285 cum
509 2222 633 2302 qnidam
646 2243 663 2283 e
674 2223 815 2285 fratribus
826 2223 943 2308 algens,

173 2317 317 2382 Carbone
330 2319 444 2404 ingesto
458 2318 581 2379 ardebat
594 2318 749 2381 fornacula
761 2320 864 2382 sancti.

172 2413 321 2477 Considet
334 2435 405 2499 ergo
417 2414 498 2478 celer
511 2414 632 2495 rapiens
644 2415 728 2494 quasi
741 2414 825 2478 luera
835 2415 975 2497 vaporis,

170 2510 297 2594 inguine
310 2511 441 2583 nudato,
453 2509 532 2589 pede
545 2510 644 2591 jacto,
657 2509 775 2593 poplite
786 2531 900 2592 pauso,

171 2603 232 2665 Vir
242 2623 326 2666 sacer
338 2603 467 2666 inclusus
477 2605 514 2664 de
529 2604 604 2666 cella
616 2607 756 2689 protinus
768 2607 882 2688 inquit:
936 2649 941 2660 .

174 2698 254 2780 Quis
264 2698 338 2760 soris
349 2698 473 2761 incestat
486 2700 582 2762 nudus
593 2701 761 2764 habitacula
773 2715 877 2763 nostra

174 2793 316 2877 Corpore
330 2796 466 2872 detecto,
479 2816 558 2878 puro
568 2817 646 2881 genu
658 2810 688 2859 et
699 2797 821 2882 inguine
834 2797 935 2858 nudo?

175 2889 261 2970 Quid
274 2890 329 2952 luit
340 2890 418 2967 boc,
433 2891 515 2954 docti
528 2911 582 2954 vos
596 2892 702 2968 dicite,
717 2914 836 2974 quaeso,
851 2892 1000 2975 sophistae.

172 2984 301 3048 Martini
314 2996 383 3048 ante
397 2986 501 3050 oculos
513 2988 613 3070 paries
626 2987 709 3068 quasi
722 2986 815 3049 lintea
828 2987 925 3064 lucet,

170 3081 233 3144 Aut
245 3083 329 3163 quasi
342 3082 393 3146 filo
407 3082 497 3168 agiles
510 3084 641 3146 contexit
651 3102 758 3144 aranea
769 3082 863 3161 telas,

172 3174 263 3242 Retia
275 3176 418 3242 vel-nexis
431 3198 487 3263 per
500 3199 568 3240 rara
579 3177 728 3242 foramina
739 3177 806 3242 lilia.
