2222 3844
162 291 201 379 78
245 295 247 304 '
428 295 461 366 v.
489 313 522 366 n.
548 314 795 368 roaruunra

160 399 242 463 Vasa
253 402 412 464 ministerii
423 424 454 465 se
466 402 624 466 Daemonis
637 426 700 466 esse
711 404 851 468 nefandi:

161 494 223 558 Sed
235 510 349 559 tortore
363 497 416 580 pio
430 498 531 560 feritas
544 499 674 563 cruciata
687 498 812 583 sugatur.

161 589 338 671 Quinetiam
350 589 507 654 Senonum
522 613 598 678 pago
610 593 682 674 quid
693 594 816 677 gesserit
827 595 926 660 edam.

161 685 242 748 Cum
257 699 413 769 compacta
424 687 493 771 gelu
506 701 659 769 premeret
670 701 730 749 sata
742 690 855 773 grando
864 694 1053 772 quotannis,

160 779 381 862 Cultorumque
394 803 475 865 seges
489 782 713 844 defraudaretur
725 783 842 861 inanis,

157 873 228 940 Nec
240 877 381 939 messoris
394 899 472 959 opus
483 875 644 941 flavescens
655 877 738 960 spica
749 893 883 962 rogaret,

157 970 364 1055 Agricolaeque
376 993 500 1033 manum
511 972 618 1034 tritura
629 985 742 1034 vetaret
749 975 907 1057 adempta:

157 1065 261 1128 Incola
273 1066 395 1128 maturis
409 1067 517 1128 totiens
531 1068 672 1148 deceptus
683 1068 780 1129 aristis
789 1112 810 1145 ,‚

158 1157 239 1222 Cum
250 1162 352 1243 jejuna
363 1181 416 1222 suo
429 1173 587 1243 ,torperent
599 1163 700 1245 jugera
711 1161 812 1239 sulco,

154 1255 202 1319 Ac
214 1256 346 1338 lapidata
357 1256 459 1319 cibum
473 1255 595 1338 populis
607 1276 689 1339 seges
701 1276 778 1340 aegra
791 1271 929 1344 negaret,

155 1347 289 1412 Mittitur
300 1353 339 1413 ad
350 1365 486 1414 sanctum
497 1349 605 1432 legatio
620 1351 678 1411 lida
688 1364 829 1431 precatu,

158 1443 201 1506 Ut
210 1458 380 1508 removeret
390 1437 484 1507 humo
496 1445 656 1505 furibunda
667 1444 802 1526 procella
814 1443 963 1531 flagellum
976 1493 987 1526 ,

155 1536 246 1601 Celsa
257 1539 315 1600 viri
328 1560 393 1619 quae
405 1559 475 1600 mox
489 1538 586 1598 oratio
599 1537 662 1599 sola
676 1539 800 1622 peregit.

151 1629 236 1694 Nam
246 1633 346 1693 statim
359 1645 446 1712 atque
461 1653 565 1714 preces
578 1632 654 1693 fudit
666 1633 765 1696 bonus
778 1654 832 1696 ore
845 1637 1006 1714 sacerdos,

150 1724 344 1808 Tempestate
355 1745 457 1808 graves
470 1725 617 1788 siccarunt
628 1726 731 1787 nubila
743 1727 883 1804 nimbos,

149 1817 192 1882 Et
203 1821 298 1882 viduae
312 1834 423 1904 segetes
434 1841 465 1881 se
478 1820 629 1881 fertilitate
643 1820 785 1883 maritant
799 1845 807 1882 ε

152 1914 289 1995 Quaeque
302 1928 407 1995 quater
419 1915 528 1995 quinos
538 1935 594 1997 per
605 1935 681 1994 quos
691 1936 783 1995 super
795 1914 889 1977 extitit
899 1935 1002 1978 annos

148 2008 331 2071 intemerata
343 2010 420 2072 sacri
433 2009 590 2093 viguerunt
603 2009 682 2069 dona
696 2009 826 2089 patroni.

148 2102 210 2164 Vir
219 2117 320 2165 tamen
330 2103 393 2184 ipse
406 2101 467 2164 Dei
480 2148 488 2178 ‚
503 2115 535 2163 ut
546 2102 677 2164 sublatus
689 2102 726 2162 ad
741 2115 817 2164 astra
833 2102 970 2178 recessit,

149 2195 264 2259 Oblitae
274 2197 410 2260 incubuit
423 2197 555 2258 rediviva
567 2196 702 2277 procella
713 2197 845 2278 rapinae,

147 2289 278 2354 Praesule
290 2293 435 2354 subducto
448 2303 540 2354 vastat
552 2291 615 2351 sera
629 2289 727 2353 clades
740 2291 887 2375 agellum,

144 2385 192 2449 Ac
205 2386 284 2448 male
295 2387 425 2468 captivas
437 2386 536 2447 imber
549 2384 712 2467 populatur
724 2385 845 2461 aristas,

143 2477 356 2560 Defensorque
369 2480 449 2556 obit,
465 2492 494 2542 et
506 2500 577 2540 mox
590 2480 723 2560 praedam
737 2481 850 2563 grando
864 2478 1013 2559 requirit,

144 2570 272 2635 Martini
284 2574 422 2637 abscessu
434 2585 574 2654 repetunt
587 2573 736 2634 elementa
749 2571 908 2658 flagellum.

143 2666 205 2729 Vir
216 2686 337 2748 quoque
349 2669 441 2749 justus
455 2667 528 2727 item
542 2688 611 2728 cum
625 2680 797 2731 occurreret
809 2667 969 2745 Avitiano,

141 2761 262 2843 Aspicit
274 2761 435 2822 instantem
447 2760 516 2823 huic
528 2761 597 2822 saevi
610 2761 769 2824 Damonis
782 2761 941 2836 umbram,

144 2855 330 2918 Horrilicam
344 2854 472 2931 faciem,
487 2853 685 2918 truculentam
701 2874 830 2938 corpore
844 2867 981 2936 pestem,

143 2949 247 3030 Quam
261 2949 368 3032 procul
383 2949 540 3012 intendens
553 2962 669 3013 sanctus
682 2948 754 3011 llatu
766 2948 826 3011 oris
837 2949 944 3032 abegit.

140 3043 163 3104 J
166 3045 242 3106 udex
253 3045 326 3106 dum
339 3044 371 3104 in
385 3044 518 3126 seipsum
531 3057 616 3128 putat
629 3042 795 3106 exsufflasse
807 3043 945 3105 beatum:

142 3136 206 3202 Cur
217 3139 299 3202 bone
310 3151 429 3223 pastor,
445 3140 503 3220 ait,
519 3152 568 3202 tua
578 3161 635 3204 nos
647 3127 758 3225 injuria
771 3150 873 3216 vexat,
