2222 3852
284 416 524 472 POEMATUM
552 420 680 475 LIBER
702 423 755 475 tt.
902 416 959 488 23¹1

79 505 188 570 Ubere
198 508 283 573 fonte
295 514 370 597 rigat
381 514 531 576 labiorum
542 517 634 600 gratia
648 517 781 599 pollens,

123 599 218 683 Cujus
229 604 267 665 ab
277 624 386 668 arcano
400 628 455 670 vox
468 609 615 690 epulanda
627 610 702 671 fluit.

44 750 48 757 .
80 691 226 778 Pervigili
239 717 326 760 sensu
338 702 423 763 dives
432 703 590 783 prudentia
604 717 723 788 regnat,

120 788 247 852 Fomite
259 794 379 855 condito
393 796 440 858 cui
453 795 522 856 salis
533 799 611 858 unde
624 811 712 858 nutat.
754 869 756 876 y

83 880 147 964 Qui
162 883 278 968 fulgore
290 888 384 948 animi
397 890 497 950 radios
510 909 527 950 a
539 904 661 972 pectore
673 892 786 966 vibras,

119 975 166 1037 Et
177 978 270 1040 micat
280 979 406 1040 interior
419 982 468 1042 lux
479 984 594 1044 imitata
608 984 700 1046 diem.
728 1056 737 1070 ‘

81 1067 416 1134 Sedricibus'mnndum
423 1076 516 1135 modo
522 1076 579 1151 sol,
588 1079 678 1136 modu
687 1077 790 1138 nubila
796 1079 961 1162 complent,

121 1163 165 1225 At
175 1176 226 1226 tua
237 1186 357 1247 semper
369 1167 480 1229 habeut
492 1171 584 1230 corda
597 1190 702 1230 serena
716 1171 808 1232 diem.

82 1254 258 1321 Visceribus
270 1261 420 1341 promptis
433 1261 582 1344 templum
593 1262 712 1344 pietatis
724 1262 860 1341 haberis,

121 1349 361 1433 Muneribusque
374 1355 464 1417 sacris
475 1373 507 1417 es
516 1355 661 1418 fabricata
673 1358 789 1419 dumus.

81 1442 198 1506 Forma
207 1459 329 1507 venuste
339 1448 395 1509 tibi
407 1450 535 1532 proprio
548 1450 708 1532 splendore
720 1464 872 1530 coruscat,

122 1539 170 1600 Ut
182 1540 292 1601 mentis
304 1541 439 1603 habiturn
450 1543 546 1604 vultus
557 1558 586 1606 et
599 1545 665 1625 ipse
677 1545 796 1626 probet.

88 1630 189 1694 Omne
200 1653 292 1716 genus
304 1633 426 1696 laudum
438 1637 540 1718 specie
551 1637 706 1700 concludis
720 1638 750 1698 in
762 1659 840 1713 una,

122 1719 193 1789 Nec
205 1725 272 1806 plus
283 1741 326 1788 est
339 1727 452 1808 aliquid
463 1750 554 1809 quem
564 1742 615 1791 tun
627 1731 724 1791 forma
737 1732 821 1814 gerit.

81 1817 236 1901 Principis
248 1821 373 1882 arbitrio
386 1819 535 1906 Sigeberti
549 1843 673 1908 magnus
683 1823 818 1901 haberis,

122 1913 146 1974 J
148 1913 280 1974 udicium
293 1915 369 1998 regis
380 1915 484 1978 fallere
495 1934 587 1978 nemo
601 1931 708 1999 potest.

81 2004 183 2090 Elegit
195 2007 313 2089 sapiens
325 2008 510 2090 sapientem,
523 2022 553 2071 et
565 2024 682 2073 amator
694 2026 862 2090 amantem,

122 2101 171 2163 Ac
181 2099 273 2162 veluti
282 2099 373 2162 flores
385 2103 474 2164 docta
486 2115 648 2183 sequestrat
659 2105 733 2186 apis.

81 2193 168 2255 lllins
179 2214 214 2254 ex
231 2193 340 2256 merito
352 2194 481 2257 didicisti
491 2195 558 2256 talis
570 2196 694 2273 haberi,

122 2286 166 2348 Et
178 2288 295 2348 domini
305 2309 424 2364 mores,
437 2309 520 2350 serre
531 2290 677 2374 benigne,
692 2290 794 2352 refers.
902 2321 905 2328 ¹

82 2379 194 2462 Nuper
207 2381 245 2442 ab
260 2380 405 2463 Hispanis
417 2403 472 2464 per
483 2383 578 2445 multa
590 2384 723 2465 pericula
734 2383 839 2460 terris,
926 2389 929 2396 “

125 2470 259 2556 Egregie
268 2475 330 2558 regi
342 2475 447 2558 gaudia
458 2497 577 2538 summa
588 2477 679 2539 vehis.

84 2565 196 2651 Diligis
207 2567 287 2630 hunc
298 2580 431 2645 tantum,
444 2584 588 2650 quantum
600 2570 727 2631 meliora
740 2569 867 2650 parasti,

125 2659 231 2722 Nemo
243 2661 334 2722 armis
347 2663 462 2742 putuit,
475 2665 556 2742 quod
567 2675 618 2723 tua
630 2662 729 2745 lingua
742 2662 832 2724 dedit.

86 2752 163 2816 Haec
174 2754 254 2814 bona
267 2755 292 2814 si
302 2766 434 2831 taceam,
448 2769 478 2816 te
491 2767 592 2816 nostru
603 2755 720 2816 silentia
732 2755 867 2830 laudant,

125 2844 158 2908 N
161 2867 195 2909 ec
207 2867 295 2909 voces
305 2861 420 2929 spectes
433 2849 484 2928 qui
497 2868 565 2910 mea
577 2849 668 2911 corda
682 2860 774 2910 tenes.

84 2938 168 3000 Vera
181 2939 412 3021 ferendumne,
425 2963 523 3022 neque
536 2963 586 3004 me
599 2942 716 3005 fallacia
729 2944 868 3018 damnat,

124 3032 216 3094 Teste
228 3032 338 3114 loquor
350 3036 465 3117 pupulo
477 3080 486 3111 ,
501 3035 629 3098 crimine
641 3035 720 3097 liber
730 3055 795 3096 ero.
912 3115 917 3122 ἱ

85 3124 164 3188 Rrec
175 3126 231 3190 titi
244 3126 422 3212 longinquus
436 3127 499 3191 laus
510 3131 601 3191 ardun
610 3143 706 3214 surgat
721 3129 752 3189 in
766 3149 876 3208 annos,

126 3218 205 3284 fiee
217 3234 247 3284 te
257 3223 318 3288 rita
328 3223 380 3284 diu
391 3236 507 3301 servet,
520 3237 551 3285 et
562 3223 615 3285 itta
628 3223 715 3287 colat.
