2222 3852
147 332 207 396 282
400 351 435 405 V.
461 351 494 404 ll.
521 351 766 406 contortum

189 437 251 502 Sed
263 441 363 505 minuo
375 443 498 527 eloquio
512 467 601 526 quam
614 448 696 526 quod
707 465 812 507 amore
824 444 902 508 colo.

145 532 255 598 Dulcis
266 538 370 619 opime
383 539 478 601 decus
485 553 622 602 nostrum
633 541 684 620 pie
698 559 778 622 papa
788 539 906 624 gregori
912 581 931 615 ,.

186 630 354 694 Versiculis
364 633 506 696 brevibus
516 633 601 696 solvo
611 633 713 696 salutis
725 655 811 716 opus.

147 724 209 788 Sed
223 745 342 787 memor
354 728 419 809 ipse
430 728 493 788 mei
506 729 686 791 commenda
697 747 797 808 quaeso
810 725 966 804 Tonanti,

191 817 244 884 Sic
253 833 283 882 te
295 822 470 884 consocium
483 823 587 885 reddat
597 823 713 883 honore
727 822 846 883 throno.

189 976 285 1029 xv111.
308 976 358 1027 An
376 975 533 1029 EUNDEM
558 975 781 1041 Episcopum,
798 973 1004 1028 LAUDATIO..

152 1090 323 1176 (iunonis
332 1114 363 1175 iu
375 1135 496 1176 morem
511 1118 537 1178 si
551 1118 652 1201 lingua
663 1118 775 1180 fluenta
786 1116 914 1201 rigaret,

189 1207 326 1271 Turbine
339 1209 481 1271 torrentis
491 1212 540 1273 vel
552 1225 708 1293 raperetur
720 1211 820 1291 aquis,

146 1301 199 1365 Ad
208 1315 259 1364 tua
272 1303 423 1387 praecipue
436 1306 588 1388 praeconia
598 1326 716 1367 summa
730 1303 880 1388 Gregori,

190 1395 276 1457 Dum
287 1416 351 1457 non
364 1396 517 1479 explerem
531 1397 671 1474 flumina,
683 1411 763 1484 gutta
775 1398 885 1458 sorem.

148 1487 331 1552 Munilicum
345 1503 463 1572 patrem
473 1506 603 1572 aequaret
614 1515 671 1556 nec
682 1512 770 1554 musa:
779 1489 939 1567 Maronis,

190 1583 268 1646 Fero
279 1585 360 1647 bone
372 1598 483 1666 quanta
494 1587 570 1647 mihi
583 1588 649 1667 quis
661 1587 738 1649 valet
749 1607 802 1647 ore
814 1585 921 1665 loqui?

147 1675 217 1741 Hac
228 1680 373 1742 brevitate
383 1700 467 1742 sacer
479 1681 625 1743 famulum
636 1681 817 1743 commendo
831 1679 999 1744 subactum

191 1770 247 1835 Me
261 1771 480 1851 Fortunatum,
493 1775 531 1836 sit
542 1775 659 1838 veniale
671 1795 791 1858 precor.

177 1914 257 1966 xlx.
277 1913 332 1966 AD
353 1914 506 1982 tusum,
526 1917 608 1970 PRO
631 1916 757 1970 Vttnu
780 1913 1024 1974 PRAESTITA..

150 2027 314 2114 Tuumne
325 2049 471 2114 munifico
484 2051 647 2115 celebravit
658 2051 767 2134 pagine
779 2069 922 2128 cursum,

195 2143 340 2207 Carmine
353 2145 494 2207 dulcifluo
509 2166 598 2225 quam
612 2158 679 2206 tuus
691 2144 753 2206 edit
763 2164 864 2206 amon,

150 2239 189 2304 ln
203 2259 261 2320 qna
274 2252 358 2300 sorte
368 2239 427 2302 loci
439 2239 518 2301 lacta
527 2252 571 2300 est
583 2239 705 2301 collatio
717 2238 812 2312 doni,

194 2333 267 2414 Qua
276 2333 415 2417 Vigenna
426 2354 537 2415 procax
549 2333 651 2395 littore
663 2333 771 2415 frangit
781 2349 880 2410 aquas.

150 2425 300 2510 Lapsibue
314 2441 343 2490 ot
356 2428 478 2488 tumidis
492 2428 565 2488 dum
577 2426 671 2488 fertur
683 2439 772 2487 nauta
785 2422 916 2498 carinis,

192 2521 307 2605 Jugera
320 2521 398 2586 culta
411 2522 493 2585 ridet
503 2521 623 2601 quando
637 2521 772 2587 celeuma
785 2518 878 2581 canit..

151 2613 262 2678 Grates
275 2636 343 2678 care
355 2636 429 2699 gero
442 2614 562 2698 pictatio
574 2614 658 2698 fruge
671 2613 804 2696 repleto,

193 2709 259 2790 Qui
270 2710 343 2772 sacis
358 2712 435 2772 unde
450 2712 559 2774 decens
571 2707 787 2790 multiplicetur
798 2726 883 2788 apen.

149 2803 211 2868 ttis
224 2803 288 2864 sine
300 2824 371 2864 nam
384 2826 452 2866 mea
464 2816 562 2867 sunta
576 2814 803 2884 teuquaecunque
816 2810 976 2873 tenentur,

193 2896 279 2962 Grex·
287 2898 350 2960 abit
364 2897 463 2962 omnis
476 2899 571 2983 agris,
584 2917 675 2977 quem
687 2895 767 2958 hone
780 2907 883 2977 pastor
894 2893 998 2954 habes.

198 3051 256 3107 XX·
275 3049 414 3104 GRATES
433 3043 738 3112 mommoleno,
757 3045 806 3098 AD
824 3043 989 3100 EUNDEM,

149 3160 322 3242 Moriuntur
333 3196 477 3260 reparans
489 3173 616 3238 Martini
628 3187 713 3260 gesta
723 3172 877 3260 Gregori„
