2218 3862
273 363 514 418 rouuurtuu
541 361 670 416 ursus
692 364 746 418 rx.
876 349 954 436 ‘3⁰9

72 457 155 519 Nam
165 455 258 518 veteri
272 456 389 516 fuerant
399 453 462 515 haec
475 452 605 513 funditus
619 466 704 514 eruta
716 455 819 536 lapsu,

111 549 204 612 Tecta
217 549 321 610 labore
334 567 415 607 noro
428 567 493 625 quae
507 547 599 606 modo
614 546 693 610 culta
705 548 817 611 cluunt.

70 645 147 704 Jure
158 643 312 724 potestatis
325 641 374 702 cui
387 653 419 700 tu
431 640 511 700 boue
525 640 665 701 eonditor
678 642 776 718 urhis,

113 736 189 800 Haec
203 737 284 796 danti
295 735 327 795 iu
340 733 428 794 terris
440 732 573 794 culmina
585 725 675 794 redde
687 734 775 817 polis.

69 830 159 893 Victa
171 829 320 891 vetustatis
334 847 389 910 per
401 840 541 907 tempora
554 827 695 888 culminis
706 841 787 891 arcta

109 922 233 996 Diruit‚
248 936 280 984 ut
293 921 405 982 melior
417 932 549 1002 surgeret
562 919 630 980 aula
642 921 718 982 solo.

71 1016 144 1097 Quo
158 1035 241 1078 saera
255 1013 407 1076 Martinus
418 1011 536 1096 domini
549 1014 692 1094 mysteria
702 1027 849 1092 tractans,

109 1110 139 1170 A
151 1110 248 1190 eapite
263 1107 422 1191 igniferum
435 1105 518 1165 misit
529 1105 562 1164 in
575 1119 652 1166 astra
665 1106 799 1189 globum.

67 1202 120 1266 Ne
130 1215 232 1264 tamen
244 1202 309 1282 ipsa
322 1221 411 1262 ruens
423 1199 594 1259 miserando
608 1199 668 1259 line
681 1201 811 1280 jaceret,

109 1293 292 1360 Pontificem
304 1293 434 1367 meruit,
449 1293 500 1372 qui
513 1292 570 1352 sihi
583 1292 677 1353 ferret
690 1313 792 1372 opem.

69 1387 149 1470 Quae
161 1389 294 1450 rediviva
308 1388 423 1450 micans
435 1386 563 1447 instante
575 1386 681 1447 labore
696 1383 846 1469 Gregori,

109 1480 249 1542 Decidua
261 1482 292 1542 in
305 1481 390 1542 senio
403 1478 492 1540 floret
505 1480 622 1541 honore
635 1499 726 1540 novo.

67 1573 278 1637 Fundamenta
289 1575 378 1657 igitur
389 1593 532 1654 reparans
542 1574 606 1634 haec
618 1573 718 1654 prisca
730 1572 885 1647 sacerdos,

108 1665 224 1728 Extulit
237 1667 370 1750 egregius
384 1685 474 1746 qnam
487 1667 604 1727 nituere
617 1667 711 1748 prius.

66 1758 162 1822 Nunc
175 1759 273 1842 placet
283 1759 350 1821 aula
361 1760 470 1822 decens
484 1759 593 1840 patulis
608 1757 725 1821 oculata
735 1758 891 1834 fenestris,

112 1852 187 1934 Quo
198 1853 294 1916 noctis
306 1852 439 1914 tenebris
452 1851 598 1914 clauditur
610 1872 678 1914 arce
692 1853 765 1913 dies.

67 1945 212 2008 Lucidius
223 1946 369 2010 fabricam
380 1945 505 2026 picturae
516 1965 631 2027 pompa
644 1957 806 2026 perornat,
913 1987 915 1994 -

113 2038 273 2120 Ductaque
286 2061 352 2120 quae
364 2040 440 2102 sucis
452 2040 553 2102 vivere
565 2039 706 2100 membra
717 2051 813 2120 putes.

223 2203 307 2255 Xlll.
325 2202 380 2253 DE
402 2200 596 2253 LEPROSO
620 2199 799 2252 CURATO.

72 2302 251 2384 Pmoun
263 2320 398 2384 sativum
412 2319 494 2380 maa
504 2318 578 2393 sut,
594 2315 713 2391 uana,
728 2316 876 2390 suctum,

113 2413 250 2497 Gignens
263 2412 413 2475 coelestem
427 2425 507 2473 terra
518 2411 647 2494 maligna
660 2409 788 2490 dapem,

71 2505 240 2568 Martinum
252 2505 399 2568 illustrem
413 2505 543 2581 meritis,
558 2505 609 2582 qui
620 2521 747 2563 munere
761 2502 831 2563 divo

115 2596 246 2662 Culmen
260 2599 292 2659 in
304 2599 425 2661 aetheria
438 2599 507 2660 sede
520 2610 640 2658 senator
652 2596 751 2656 habet.

72 2691 139 2774 Qui
152 2691 244 2772 leprae
254 2692 384 2754 maculas
397 2690 545 2753 meditata
555 2710 611 2772 per
624 2688 724 2751 oscula
737 2699 857 2771 purgat,

116 2782 211 2847 Curat
221 2797 250 2846 et
264 2784 408 2847 infectum
422 2803 497 2866 pura
509 2783 600 2844 saliva
612 2783 720 2843 virum.

71 2878 122 2940 Ad
135 2877 259 2941 fluvium
270 2878 387 2940 domini
401 2879 448 2940 cui
461 2898 523 2939 non
537 2877 594 2936 suit
606 2875 658 2936 ille
670 2875 791 2948 labore,

115 2970 211 3052 Quod
223 2971 247 3031 J
248 2973 368 3036 ordauis
379 2972 485 3046 habet,
498 2983 615 3032 sauctus
628 2969 665 3029 ab
680 2987 733 3028 ure
748 2965 839 3026 dedit.

74 3063 141 3145 Qui
153 3084 237 3128 sacer
248 3067 313 3149 ipse
325 3065 417 3142 mihi,
432 3078 462 3126 te
474 3077 577 3144 pastor
586 3073 690 3145 agente
704 3056 853 3141 Gregori,

115 3157 285 3224 Fortunato
297 3161 409 3226 adimat
421 3171 466 3222 tot
478 3156 630 3220 maculosa
643 3173 707 3215 reo.
