2222 3852
247 321 498 380 annuarum
519 327 655 380 nrnun
676 332 711 385 r.
871 343 929 406 227

48 413 151 477 Altera
163 412 296 499 signiferi
310 417 452 480 revolutis
465 419 618 482 mensibus
629 423 718 500 anni,

89 508 171 571 Solis
184 508 357 571 anhelantes
370 512 470 573 orbita
480 511 568 574 lassat
581 534 683 595 equos.

50 601 131 666 Cum
143 622 212 664 mea
225 604 380 666 discedens
394 606 520 689 rapuisti
530 608 646 669 lumina
658 622 776 688 tecum,

88 695 130 757 Et
141 698 235 757 modo
247 697 292 757 nil
303 699 367 760 sine
379 712 409 761 te
420 720 512 762 cerno
525 714 646 783 patente
658 704 717 766 die.

53 789 110 852 Vel
120 790 198 851 mihi
210 792 301 852 verha
314 794 399 855 dares
410 794 447 854 de
459 794 542 856 fonte
554 796 651 857 refusa
664 796 801 877 loquaci,

18 935 20 940 ,
91 882 135 944 Ut
146 883 260 946 faceret
273 897 371 947 tecum
384 887 493 970 pagina
506 889 596 949 missa
609 889 702 969 loqui.

50 976 110 1040 Sed
119 991 224 1038 tamen
234 990 267 1037 ut
278 980 399 1040 tandem
412 981 515 1042 venias
525 981 600 1058 hoc,
615 983 711 1044 carius
723 984 847 1065 hortor,

89 1070 135 1134 Te
147 1092 273 1135 revoces
284 1072 377 1135 oculis
388 1072 511 1150 lumen,
524 1075 640 1152 amice,
654 1079 740 1139 meis.

224 1228 273 1279 xl.
296 1227 346 1279 AD
363 1228 496 1281 IPSUM
517 1228 762 1282 DYNAMIUNL

53 1338 216 1422 Testruna
229 1359 378 1442 praecipiti
390 1381 465 1441 qnos
478 1361 624 1423 invidistis
636 1361 751 1438 amori,

93 1455 242 1532 Officium
255 1455 318 1516 voti
331 1456 412 1536 quud
426 1455 558 1516 vetuistis
569 1455 624 1538 agi.

53 1549 112 1610 Per
118 1550 231 1634 lyricos
241 1548 398 1624 modulos,
411 1561 440 1609 et
453 1548 502 1608 fila
514 1548 656 1628 loquacia
673 1547 815 1629 plectris,

98 1643 166 1724 Qua
175 1642 306 1728 cytharis
319 1640 413 1703 Erato
425 1642 511 1704 dulce
524 1642 625 1703 relidit
637 1639 721 1702 ebur.

52 1733 131 1799 Ecce
140 1736 349 1818 vaporiferum
358 1735 460 1797 sitiens
474 1735 554 1798 canis
566 1735 659 1796 exerit
671 1746 801 1812 astrum,

89 1827 132 1890 Et
144 1849 203 1911 per
212 1829 359 1892 hiulcatos
371 1830 473 1892 servor
483 1828 603 1891 anhelat
616 1848 710 1911 agros.

51 1923 135 1987 Hinc
146 1936 285 1985 metuens
297 1923 427 2000 saniem,
443 1944 481 1984 ne
496 1943 555 2002 quo
568 1921 715 2004 jacularer
728 1923 766 1983 ah
778 1921 862 2007 igne,

92 2016 247 2100 Sanguine
259 2017 353 2078 laxato
366 2017 490 2079 brachia
501 2037 575 2078 nera
587 2036 669 2100 gero.

51 2110 181 2174 Labitur
193 2112 264 2173 inde
276 2132 366 2174 cruor
379 2132 396 2172 e
409 2112 491 2172 nodo
505 2130 612 2172 manus
623 2109 694 2175 inde
706 2121 840 2186 tenetur,

91 2205 134 2267 Et
147 2206 282 2266 dextram
295 2206 456 2267 innocuam
467 2224 543 2266 vena
553 2203 649 2266 soluta
660 2203 738 2287 ligat.

53 2300 98 2360 Ut
108 2299 176 2360 sine
188 2299 337 2380 temperie
349 2298 440 2361 validi
453 2299 517 2360 sitis
528 2311 594 2360 urat
605 2298 733 2374 amoris,

95 2391 198 2456 Causa
209 2393 285 2453 meis
297 2393 374 2454 votis
387 2393 502 2454 obstitit
513 2393 568 2454 ista
581 2392 686 2476 gravis.

49 2487 171 2551 Nescio
184 2507 274 2566 quam
284 2486 379 2568 prosit
391 2487 468 2547 ratio
479 2487 637 2568 perfuncta
648 2484 791 2560 medelae,

94 2581 153 2642 Me
165 2594 267 2643 tamen
280 2582 350 2642 inde
360 2594 447 2644 vocat
458 2601 518 2662 quo
530 2583 662 2642 retinere
676 2579 756 2642 facit.

50 2673 198 2739 Scribere
212 2675 236 2736 si
249 2674 347 2758 digitis
359 2675 485 2750 sineret,
499 2675 570 2736 satis
583 2674 635 2735 illa
648 2673 769 2748 suisset,

95 2767 191 2830 Nunc
203 2768 277 2828 mihi
290 2788 361 2831 cura
372 2768 415 2830 tui
428 2768 545 2850 prima,
559 2767 689 2830 secunda
700 2765 772 2827 mei.

49 2861 104 2926 Ex
116 2863 217 2923 studio
231 2863 335 2924 studiis
347 2863 501 2938 retrahor,
515 2862 582 2924 silet
595 2862 674 2921 unda
686 2880 834 2937 camenae,

98 2954 203 3019 Carne
216 2954 282 3017 fluit
291 2957 405 3033 sanies,
417 2978 456 3019 ne
469 2957 545 3040 riget
557 2975 612 3016 ora
623 2954 710 3016 later.

51 3048 194 3113 Musieus
204 3050 281 3132 ignis
292 3050 393 3127 abest,
402 3050 500 3136 algent
512 3051 543 3110 in
555 3049 639 3110 ionte
649 3067 785 3122 sorores,

95 3143 130 3206 N
132 3164 184 3206 am
196 3145 314 3228 sanguis
323 3145 426 3208 latices
438 3145 487 3208 hic
498 3143 595 3228 gelat,
609 3143 689 3204 unde
702 3141 785 3224 rigat.
