2222 3844
271 315 329 367 DE
353 313 491 366 nanto
519 313 730 370 VIRGINIS.
922 307 942 368 3

16 463 19 468 .
100 405 176 473 llaec
189 411 367 474 salvatorem
381 413 515 496 germine
528 426 607 475 terra
621 415 719 487 dedit3

63 500 135 565 Haec
142 517 231 585 porta
239 520 283 567 est
288 506 399 584 clausa,
410 507 538 586 inquam
546 508 799 581 intratvirnemo‚
810 504 943 581 necexit,

100 596 144 658 Ni
158 598 299 659 dominus
312 599 411 677 solus,
431 602 478 662 cui
490 623 610 681 quoque
624 601 722 664 clausa
734 612 836 682 patent
842 623 852 660 :¹

66 688 156 773 Cujus
169 693 202 752 in
217 695 345 754 adventu
358 694 460 755 exiluit
473 697 509 756 de
523 708 626 757 ventre
639 694 663 754 J
665 713 797 769 oannes,

16 785 17 792 ’
102 787 204 847 lnsans
218 788 373 868 personuit
385 809 511 851 munere
526 810 624 871 praeco
638 809 748 858 norusr

16 865 19 916 ἶ
63 879 159 941 'l'rans
172 893 292 942 uterum
305 882 424 959 matris,
439 883 522 962 quasi
536 904 591 964 per
602 882 768 965 specularia
781 898 925 954 cernens,

104 975 245 1036 Materna
258 989 287 1037 et
301 998 397 1057 puero
410 979 549 1038 membra
562 978 690 1040 fenestra
703 977 774 1048 fuit;

16 1109 17 1114 κ
64 1069 199 1154 ¹Quando
214 1069 352 1132 exultavit
364 1084 500 1132 ventrem
513 1073 549 1132 de
561 1085 667 1144 uentre¹
676 1071 822 1146 salutans,

102 1163 190 1223 Dum
205 1165 284 1244 pede
296 1185 359 1225 non
373 1165 489 1245 potuit,
503 1167 636 1226 mot'ibos
649 1165 708 1226 exit
721 1165 796 1235 iter;

68 1254 168 1318 Credo
183 1269 213 1319 et
226 1270 390 1338 prostratus
402 1259 514 1340 jacuit:
532 1259 707 1341 palmasque
722 1256 866 1330 tetendit,

105 1351 185 1411 Ante
199 1353 425 1432 redemptorem
439 1351 563 1432 parvola
576 1352 715 1413 membra
728 1368 869 1419 movens3

69 1442 300 1527 Corrigiamque
310 1445 422 1524 pedum
431 1445 576 1524 quoniam
585 1457 627 1505 est
637 1442 953 1526 nonsolveredignus‚

109 1537 229 1597 Pronus
242 1537 376 1597 adoravit
387 1538 477 1597 credo
490 1549 638 1598 tremente
651 1558 739 1619 genu.

66 1629 193 1691 Nobilis
207 1630 380 1705 Elizabeth‚
394 1631 431 1690 de
445 1651 504 1708 qua
517 1631 597 1692 canit
609 1631 668 1691 alta
681 1630 880 1712 prophetans,

108 1723 185 1786 Haec
197 1736 340 1804 operante
354 1723 424 1784 Deo
438 1725 574 1806 germina
586 1723 652 1784 laeta
665 1725 774 1785 refert:

70 1814 102 1878 Ο
116 1818 275 1879 benedicta
287 1817 367 1878 inter
380 1817 522 1878 mulieres
534 1862 542 1893 ,
553 1819 632 1878 unde
646 1818 722 1878 mihi
734 1817 808 1892 hoc,
821 1837 872 1876 me

16 1905 26 1966 l
108 1909 155 1969 Ut
168 1922 266 1969 mater
280 1910 397 1970 domini
411 1910 508 1971 visitet
521 1909 601 1969 alma
613 1909 699 1970 mei?

16 1991 17 1996 ἵ
69 2003 161 2065 Hanc
176 2003 305 2064 Gabriel
316 2004 426 2065 vocitat
440 2003 630 2066 benedictam
642 2004 729 2064 lande
742 2001 896 2086 puellam,

108 2095 150 2156 Et
164 2097 275 2158 merito
290 2096 403 2157 extollit
416 2119 480 2176 quae
493 2117 572 2158 nora
585 2099 664 2158 dona
674 2097 768 2180 gerit:

68 2190 147 2270 Quae
159 2191 295 2274 genitura
307 2191 387 2251 foret
399 2192 594 2253 benedictum
607 2194 746 2275 germine·
757 2193 906 2266 fructum,

16 2303 19 2332 t
109 2284 215 2362 Quem
229 2283 252 2343 J
254 2285 380 2346 eremias
392 2304 466 2346 voce
480 2298 604 2346 tonante
618 2286 709 2346 refert
722 2307 730 2356 ;

71 2377 135 2440 llic
148 2377 235 2440 Deus
248 2393 292 2440 est
302 2391 422 2455 noster,
437 2397 500 2439 non
513 2379 623 2458 absque
637 2377 692 2437 illo
704 2376 779 2438 alter
790 2375 936 2452 habetur,

110 2469 185 2532 Post
195 2472 254 2534 hoc
266 2473 297 2532 in
311 2474 399 2534 terris
413 2473 506 2548 visus,
520 2474 614 2534 homo
630 2483 674 2532 est
686 2470 823 2542 hahitusu

73 2564 181 2644 Quem
195 2565 309 2626 Daniel
322 2579 456 2628 sanctum
469 2579 641 2628 sanctorum
653 2565 795 2647 praedicat
808 2584 922 2640 unum,

110 2658 162 2720 De
178 2672 282 2720 monte
297 2660 408 2721 excisus
421 2682 472 2739 qm
463 2660 607 2743 angulus
620 2673 650 2720 et
664 2660 740 2741 lapis
753 2671 818 2720 est·
811 2702 819 2729 ‚

76 2751 127 2813 De
140 2774 202 2832 quo
218 2751 322 2814 Moses
335 2754 391 2829 ait,
406 2751 493 2814 Deus
506 2754 610 2816 excitat
622 2774 691 2816 occe
705 2751 885 2833 prophetam

111 2845 230 2920 Vobis,
245 2868 280 2907 ex
292 2848 396 2908 vestris
410 2848 566 2923 fratribus,
582 2847 664 2908 orbis
678 2865 791 2927 opem:

76 2937 179 3021 Siqua
193 2940 293 3000 anima
300 2941 379 3003 hunc
390 2962 453 3002 non
466 2941 608 3017 audierit,
618 2940 669 3020 qui
676 2938 851 3000 exterminat
859 2937 961 3012 illumj

16 3067 18 3078 ›
114 3033 166 3096 De
182 3032 299 3115 populo
310 3035 418 3096 vindex
431 3035 495 3116 ipse
509 3033 658 3115 propheta
671 3050 724 3093 suo
738 3044 791 3092 est.

72 3126 173 3190 David
186 3127 279 3190 dixit:
295 3128 464 3190 adorabunt
476 3129 557 3191 bunc
572 3146 698 3190 munere
711 3143 814 3208 reges⁷
