2222 3844
147 332 206 389 on
229 336 329 392 vrrs
354 337 383 392 s
405 337 588 394 utuntur
612 339 743 394 arsen
769 341 822 396 tv·
897 335 938 402 83

56 430 81 494 0
94 431 228 498 Martiae
240 438 351 500 decens
364 435 500 519 lapidum
513 438 663 500 velamine
677 451 819 521 compte,

56 526 111 590 Cur
122 549 202 591 nova
216 529 297 612 palla
309 530 384 606 tibi,
398 531 446 593 cui
459 532 506 592 vix
518 544 632 593 textura
646 553 806 596 coruscans

53 618 155 684 Trama
166 638 291 707 topazus
305 637 369 686 erat
381 625 525 701 rutilans,
539 638 569 686 et
579 639 695 687 stamen
708 627 813 708 iaspis,

51 713 86 775 Et
97 719 204 781 tunicse
218 719 348 801 insignes
360 732 483 782 currunt
496 739 554 800 pro
568 718 680 782 vellere
691 723 838 804 gemma?

53 808 122 888 Quae
133 832 244 873 manos
257 813 377 875 artificis
387 812 564 876 cataclistica
576 813 625 873 fila
639 815 769 877 rotavit?

54 901 124 982 Quis
136 905 193 966 luit
207 907 260 969 hic
273 907 390 988 opifex,
404 907 536 968 ubilana
549 907 742 992 hyacinthina
756 908 870 971 currit?

52 995 124 1073 Quis
137 1002 240 1081 potuit
251 1001 358 1084 rigidas
372 1015 513 1080 torquere
524 1003 562 1061 ad
575 1001 644 1062 licia
655 1002 812 1084 gemmas?

54 1088 123 1154 llaec
133 1096 307 1156 venerando
321 1095 415 1178 magis
427 1106 569 1176 poterunt
582 1115 673 1174 quarn
687 1096 778 1157 lando
791 1095 912 1158 referri.

54 1181 132 1260 Quid
142 1201 260 1251 secreta
270 1189 367 1269 petis,
381 1209 438 1250 nee
452 1189 484 1248 in
496 1189 598 1249 abdita
610 1188 734 1249 luminis
748 1189 859 1252 intras?

56 1277 104 1339 Fst
115 1283 208 1344 homo
223 1284 306 1363 quod
319 1295 456 1363 stupeas,
469 1283 521 1344 ubi
535 1283 628 1344 nectit
639 1282 734 1365 gratia
746 1281 829 1345 telas.

57 1371 194 1438 Historiae
206 1377 297 1439 nobis
309 1377 405 1437 oritur
416 1377 465 1438 hic
477 1376 598 1460 longior
610 1378 707 1448 ordo,

60 1463 112 1526 Sed
123 1470 263 1533 breviore
275 1470 323 1532 via
335 1471 402 1530 data
416 1490 470 1551 per
484 1469 667 1551 compendia
680 1488 811 1531 curram.

60 1558 200 1625 Maximus
214 1564 338 1645 imperii
352 1565 513 1625 moderans
525 1563 608 1642 quasi
623 1576 723 1625 rector
734 1562 866 1626 habenas

66 1649 201 1740 Praecipit·
213 1657 362 1720 ltachium
375 1670 439 1718 tum
453 1677 608 1718 armorum
619 1658 684 1738 jure
698 1657 773 1718 tueri
783 1679 799 1732 ,·

62 1744 106 1809 Ne
117 1752 179 1831 quis
192 1774 264 1814 eum
278 1764 394 1834 peteret
404 1753 609 1812 damnandum
620 1751 684 1834 lege
698 1751 828 1834 lorensi,

66 1839 267 1908 decusatorem
281 1846 405 1907 veterati
420 1844 611 1921 Prisciliaoi,

68 1931 150 1998 lllittit
160 1943 198 2004 ad
216 1940 371 2023 Hispanus
384 1953 498 2001 armata
508 1954 587 2001 sorte
600 1938 755 2016 tribunos,

70 2024 222 2114 llelliquias
234 2035 346 2098 heresis
359 2034 411 2115 qui
424 2047 556 2114 quaerant
568 2047 598 2096 et
610 2033 692 2093 bona
704 2032 832 2113 tollant,

68 2117 256 2210 lurentosque
269 2149 356 2211 pares
369 2128 489 2211 capitali
503 2127 632 2190 crimine
643 2127 803 2198 damnent;

71 2209 115 2278 Sic
125 2232 243 2299 tamen,
257 2235 290 2284 ut
301 2234 424 2286 cunctos
437 2223 555 2284 occasio
566 2241 641 2283 saeva
652 2220 766 2282 leriret.

73 2304 198 2378 Pluribus
210 2337 282 2402 ergo
296 2315 383 2378 malis
395 2317 514 2378 bonitas
525 2315 655 2397 impulsa
666 2312 749 2375 beati

72 2397 210 2473 lenutio
221 2411 336 2492 pariter
346 2431 404 2493 pro
417 2409 544 2491 praeside
556 2420 700 2492 prompta
711 2415 869 2490 precatur,

77 2491 206 2567 Occurrit
216 2503 379 2580 Treviros,
392 2502 459 2564 aliis
470 2524 590 2585 quoque
603 2515 687 2563 mota
697 2498 837 2582 querelis.

78 2582 224 2661 Pontifices
235 2599 345 2659 adeunt
356 2597 492 2680 praedicti
503 2596 652 2679 principis
662 2615 768 2670 aures,

78 2679 119 2748 Ne
130 2687 276 2755 Martinus
287 2705 350 2768 eat,
363 2691 471 2776 synodi
484 2691 544 2752 nisi
555 2710 629 2773 pace
644 2701 783 2771 recepta,

80 2773 129 2841 Sed
140 2805 221 2849 sacer
231 2786 356 2848 asseruit
369 2783 483 2847 Christi
496 2805 527 2846 se
541 2784 573 2844 io
585 2803 660 2866 pace
672 2801 808 2844 manere.

82 2867 142 2949 Quo
152 2882 235 2962 prius
247 2878 390 2942 abstinuit
402 2891 520 2940 sanctus
532 2877 574 2939 sie
587 2872 711 2940 coetibus
724 2875 804 2952 illis,

82 2959 228 3038 Pontifices
237 2975 347 3040 iterum
358 2984 519 3035 occurrunt
529 2973 567 3032 ad
581 2970 696 3046 coejsaris
707 2969 807 3030 aulam
820 2991 830 3028 z

86 3055 166 3147 Coget
178 3082 211 3130 ut
223 3069 386 3130 innocuum
399 3087 431 3127 se
443 3065 624 3147 participare
636 3063 770 3139 nocivis,

86 3146 218 3228 Provocat
226 3161 359 3244 alloquio
370 3180 462 3243 quern
472 3158 605 3223 molliter
617 3158 829 3242 induperator,
