2230 3838
156 279 216 344 180
419 288 452 342 v.
472 289 507 342 tt.
532 288 777 342 ronrutssrr

152 387 273 471 Regum
283 402 419 446 summus
429 401 528 457 amor,
540 379 645 462 patriae
658 395 759 464 eaput,
772 403 856 447 arma
867 403 1046 471 parentum,

195 480 293 542 Tutor
305 477 493 552 amicorum,
507 475 606 558 plebis
619 489 648 536 et
660 477 742 538 urbis
753 477 870 560 honor,

152 574 356 657 Templorum
368 570 481 647 cultor,
495 569 600 632 tacitus
613 569 737 655 largitor
750 589 909 658 egentum,

195 669 359 750 Susceptor
370 685 532 750 peregrum
545 665 752 728 distribuendo
766 670 878 732 cibum.

151 763 287 849 Longius
300 774 433 824 extremo
446 760 471 820 si
483 760 549 839 quis
562 776 753 842 properasset
764 765 803 826 ab
818 766 912 845 orbe,
997 779 1001 782 ’

143 917 146 922 .
194 859 321 920 Aduena
332 876 403 916 mox
415 854 508 930 vidit,
522 853 603 917 hunc
616 855 657 915 ait
671 876 734 918 esse
748 872 875 940 patrem.

152 952 279 1038 Ingenio
290 951 392 1026 vivax,
404 947 509 1019 animo
522 947 657 1030 probus,
672 971 727 1014 ore
738 973 879 1031 serenus,

193 1047 235 1109 Et
246 1045 321 1107 mihi
334 1043 430 1124 qualis
442 1042 521 1104 erat!
535 1056 659 1125 pectore
672 1044 762 1108 flente
773 1046 895 1128 loquor.

151 1139 245 1206 Hunc
254 1139 358 1201 habuit
370 1137 485 1202 clarum
498 1137 619 1217 qualem
632 1143 725 1202 modo
740 1141 842 1204 Gallia
854 1144 975 1208 nullum
986 1181 998 1225 ,

193 1235 287 1298 Nunc
300 1231 408 1295 humili
420 1231 538 1294 tumulo
552 1233 685 1297 culmina
697 1236 774 1298 celsa
786 1239 894 1318 jacent.

150 1327 295 1394 Placebat
306 1348 408 1413 reges,
422 1347 561 1390 recreans
574 1331 783 1393 moderamine
795 1333 891 1411 eires,

197 1425 317 1489 Gaudia
329 1433 373 1485 tot
387 1421 510 1506 populis
523 1422 584 1484 heu
597 1424 665 1485 tulit
675 1446 735 1487 uua
746 1428 818 1488 dies.

154 1517 262 1584 Lustra
274 1520 379 1581 decern
391 1515 461 1578 felix
474 1530 503 1578 et
516 1530 644 1598 quatuor
657 1520 781 1604 insuper
793 1542 890 1584 annos

194 1613 296 1689 Vixit,
309 1626 339 1675 et
354 1623 487 1673 anostro
502 1611 617 1673 lumine
631 1626 734 1696 raptus
747 1614 821 1680 obit.

154 1705 286 1772 Funeris
298 1705 432 1789 officium
445 1705 547 1789 magni
557 1705 693 1768 solamen
707 1711 837 1787 amoris,

196 1800 306 1865 Dulcis
318 1801 415 1864 adhuc
427 1799 525 1864 cineri
537 1797 587 1862 dat
601 1799 758 1866 Placidina
771 1805 837 1868 tibi.

181 1957 233 2020 tr.
257 1965 532 2018 Errrsrutum
555 1965 814 2022 vtcronrnnr
836 1969 1023 2024 nussum

362 2057 586 2098 Moussrttrut
606 2058 842 2102 saturnum.

155 2167 325 2282 Qutsottts
338 2193 376 2254 ab
390 2213 497 2257 occasu
510 2212 657 2274 properas
670 2191 747 2268 hue,
761 2192 894 2272 quisquis
905 2191 946 2254 ab
960 2205 1045 2270 ortu,

199 2286 313 2350 Munus
325 2287 357 2350 in
370 2288 429 2350 hoc
441 2286 577 2362 tumulo,
592 2289 675 2366 quod
685 2287 838 2348 venereris
850 2285 954 2349 habes.

156 2379 289 2465 Respice
302 2383 428 2444 ditatum
441 2380 554 2444 coelesti
568 2383 637 2443 dote
652 2381 815 2457 talentum,

200 2475 296 2560 Cujus
307 2496 429 2558 semper
441 2476 532 2538 habet
543 2475 675 2558 pectoris
688 2495 758 2538 arca
767 2474 882 2537 Deum.

157 2565 338 2654 Belligionis
350 2590 444 2651 apex,
456 2570 524 2632 vitoe
536 2572 645 2648 decus,
659 2589 745 2632 arma
757 2568 877 2647 salutis,

199 2663 329 2726 Eximiis
339 2664 456 2726 meritis
468 2663 665 2727 Victorianus
677 2665 768 2727 adest.

157 2757 296 2844 Dignum
307 2779 384 2841 opus
397 2779 557 2836 exercens,
569 2760 621 2842 qui
635 2759 832 2823 fructificante
846 2757 970 2835 labore,

202 2852 344 2932 Cunctis,
355 2874 419 2916 non
431 2852 490 2916 soli
503 2854 574 2918 vixit
587 2855 619 2915 in
631 2855 706 2916 orbe
718 2854 786 2916 sibi.

157 2946 296 3011 Plurima
308 2969 364 3033 per
377 2950 507 3032 patriam
521 2949 740 3012 monachorum
754 2948 891 3010 examina
902 2947 1045 3026 fundens,

200 3042 345 3108 Floribus
357 3045 478 3106 aeternis
488 3044 673 3108 mellificavit
685 3063 767 3125 apes.

159 3135 276 3223 Lingua
287 3153 413 3223 potens,
428 3141 524 3224 pietas
536 3159 681 3223 praesens,
698 3138 796 3200 oratio
809 3137 904 3222 jugis,
