2230 3838
161 329 218 396 182
418 344 450 397 V.
472 343 508 398 Η.
529 343 784 400 FORTUNATI

201 434 276 496 Sola
287 446 390 497 tamen
404 434 498 497 nescit
510 434 570 496 vita
581 437 671 499 beata
683 439 774 499 mori.

159 529 232 593 lloc
243 529 332 614 igitur
345 529 461 594 tumulo
473 528 606 591 Servilio
618 530 735 593 clausus
745 529 891 606 babetur;

200 623 327 686 Nobilis
340 637 370 685 et
382 625 493 686 merito
504 623 657 685 nobiliore
670 638 788 706 potens.

156 718 228 802 Ipse
243 715 411 782 Palatinam
425 718 500 779 rexit
512 717 697 779 moderatius
708 718 826 795 aulam,

201 811 440 892 Commissaeque
454 813 563 873 domus
575 832 710 874 crescere
723 812 793 874 fecit
806 831 889 893 opes.

157 901 320 991 Presbyter
333 906 403 967 inde
417 924 501 967 sacer
513 907 624 966 mansit
635 907 814 967 venerabilis
829 905 916 982 orbi,

200 998 391 1079 servitioque
408 999 468 1059 Dei
482 999 581 1060 libera
593 1001 654 1061 vita
666 999 731 1062 luit.

158 1091 326 1177 Orphanus
338 1094 387 1156 bic
397 1107 515 1176 patrem
525 1137 535 1170 ,
547 1094 644 1155 viduae
654 1093 759 1156 solatia
771 1091 899 1170 deflent,

200 1187 294 1251 Unde
308 1187 400 1271 magis
412 1187 493 1250 coelis
506 1189 613 1271 gaudia
626 1209 696 1250 vera
710 1201 804 1251 tenet·

158 1281 340 1347 Pontificem
353 1282 487 1365 genitum
501 1283 581 1343 videt
594 1282 665 1345 binc
678 1284 715 1343 de
727 1302 852 1343 munere
868 1279 1010 1360 Christi,

200 1375 317 1460 Raptus
331 1377 369 1438 ab
383 1377 458 1438 orbe
471 1377 594 1458 quidem
608 1374 690 1438 laetus
702 1378 741 1437 ad
753 1388 831 1437 astra
842 1374 930 1438 redit.

197 1579 282 1634 xrv.
304 1579 568 1634 srrrtenruu
590 1578 790 1634 rnnsrntr
812 1578 1012 1635 ABBA't'ts.
1058 1560 1062 1564 ’

159 1741 251 1826 Vtra
263 1757 363 1819 brevis
375 1757 554 1832 bominum,
569 1758 621 1818 sed
634 1777 697 1818 non
707 1757 807 1819 brevis
819 1756 871 1819 illa
883 1757 1026 1840 piorum,

204 1850 293 1915 Dum
306 1851 453 1934 migrante
467 1852 517 1913 die
529 1852 724 1933 prosperiora
736 1864 847 1912 tenent.

162 1943 229 2027 Qui
241 1964 380 2007 meruere
394 1946 489 2030 magis
502 1947 539 2007 de
552 1965 671 2008 carcere
684 1946 781 2009 carnis
795 1957 918 2024 euntes,

204 2036 279 2100 Post
291 2040 431 2102 tenebras
444 2040 549 2100 rnundi
562 2039 630 2102 luce
644 2060 777 2122 perennc
790 2040 859 2100 frui.

162 2131 209 2196 Ex
222 2133 330 2214 quibus
342 2135 391 2196 bic
404 2135 550 2197 recubans
562 2134 678 2196 meritis
691 2133 850 2196 Praesidius
861 2133 971 2214 almis,

208 2226 310 2291 Carne
324 2241 407 2290 tenet
418 2226 586 2304 tumulum,
597 2227 729 2290 flaminis
741 2228 808 2312 igne
821 2227 941 2310 polum.

165 2321 294 2386 Pectore
309 2325 345 2384 de
361 2323 487 2405 proprio
501 2320 614 2385 Christi
629 2343 772 2404 responsa
786 2323 927 2403 rigando,

209 2416 381 2502 Multorum
393 2417 513 2478 extinxit
526 2416 609 2478 sonte
623 2415 732 2477 lluente
745 2416 836 2477 sitim.

168 2510 304 2574 invitans
316 2513 461 2576 instanter
473 2530 545 2574 oves
558 2512 595 2571 ad
607 2530 717 2592 pascua
728 2510 821 2592 regis,

207 2604 373 2668 Distribuit
386 2604 506 2668 dulcem
519 2605 661 2667 fratribus
674 2625 727 2665 ore
740 2602 843 2665 salem.

167 2696 253 2760 Nam
266 2700 404 2779 quotiens
417 2701 582 2762 monachus
595 2699 712 2782 peccati
725 2711 769 2759 est
781 2698 905 2759 vulnere
916 2696 1014 2777 lirus,·

210 2789 322 2853 Missus
334 2794 371 2853 ad
385 2793 530 2856 artificem
543 2806 624 2856 certa
637 2792 756 2854 medela
768 2792 833 2853 luit.

168 2883 237 2948 Ibat
250 2887 288 2946 ad
300 2885 441 2949 abbatem
454 2887 601 2949 famulans
612 2899 806 2966 sanctumque
820 2886 1017 2971 magistrum,

211 2978 387 3064 Discipulos
397 2981 520 3044 humilis
532 2982 584 3064 qui
592 2981 647 3042 suit
658 2993 727 3042 ante
740 2993 867 3042 tumens.

169 3071 297 3137 Talibus
309 3075 416 3138 officiis
431 3076 562 3138 intentus
572 3095 676 3138 amore
690 3073 855 3152 Tonantis,

212 3167 374 3254 Angelicos
385 3169 464 3238 inter
474 3170 565 3256 fulget
575 3171 692 3234 bonore
704 3169 822 3234 choros.
