2230 3838
267 289 517 344 POEMATUM
541 287 670 342 LIBER
694 289 752 344 ΙΙΙ.
894 275 951 339 151

106 387 210 468 Atque
223 395 326 445 movet
336 381 455 464 rapidas
466 383 567 464 juncta
579 382 722 466 quadriga
734 394 825 444 rotas.

67 485 140 546 Huc
152 502 210 566 ego
221 482 295 542 dum
308 477 456 540 famulans
469 477 612 538 comitatu
625 479 733 560 jungor
746 481 872 556 eodem,

108 577 151 638 Et
164 596 234 638 mea
247 573 387 634 membra
401 572 459 634 cito
472 573 545 633 dum
559 572 738 634 veherentur
751 595 845 655 equ0;

70 670 287 749 Pontificisque
300 666 378 729 sacri
390 665 589 750 Bertegranni
602 680 683 728 actus
697 667 835 746 honore,

118 759 365 846 Comprendente
378 780 471 821 manu
484 773 586 842 raptus
599 761 631 821 in
645 780 696 822 axe
708 761 803 824 levor.

78 857 216 940 Qualiter
231 855 395 937 implumes
408 854 494 917 luctus
507 855 559 937 pia
572 868 669 915 mater
680 856 826 935 hirundo,

115 951 287 1026 Confovet,
302 962 331 1010 et
344 949 461 1031 placide
475 949 608 1030 pennula
619 963 702 1011 tensa
715 951 795 1034 tegit.

74 1047 128 1111 Sic
137 1047 276 1108 bonitate
289 1056 415 1125 potens,
429 1043 539 1106 alsectu
553 1044 636 1105 ¹dices
648 1046 771 1126 opimo,

114 1141 152 1202 ln
166 1138 330 1222 proprium
340 1150 444 1220 pastor
457 1136 550 1198 molle
562 1137 654 1199 sedile
668 1139 756 1201 locat.

74 1237 145 1300 Nec
156 1233 259 1296 solum
271 1231 456 1313 amplectens
468 1232 519 1313 pia
532 1253 635 1309 mens,
648 1235 701 1294 sed
714 1233 811 1317 diligit
824 1253 942 1311 omues,

116 1330 215 1391 Unde
229 1327 324 1410 magis
337 1325 460 1410 populis
473 1327 578 1389 unicus
592 1339 668 1388 extat
681 1347 777 1389 amor.

73 1483 358 1542 XX-ADEUNDEM
367 1477 649 1550 EPISCOPUM‚DE
658 1484 744 1538 EJUS
755 1485 964 1540 OPUSCULIS.

82 1604 207 1688 Annua
220 1617 339 1698 suscepi
353 1617 451 1678 missis
465 1619 822 1701 epigrammatachartis,

120 1719 226 1797 Atque
238 1713 418 1776 cothurnato
431 1713 523 1774 verba
537 1726 632 1774 rotata
644 1715 750 1795 sopho.

78 1813 269 1876 Percurrens
279 1806 395 1867 tumido
409 1808 580 1888 spumantia
593 1809 728 1870 carmina
739 1831 843 1888 versu,

122 1902 252 1970 Credidi
265 1901 297 1961 in
308 1901 423 1962 undoso
437 1921 487 1961 me
501 1903 572 1962 dare
585 1901 652 1963 vela
665 1901 753 1965 freto.

81 2001 178 2064 Plana
190 1995 378 2082 procellosos
390 1995 518 2058 ructavit
529 1997 638 2079 pagina
651 1995 783 2078 fluctus,

123 2093 166 2156 Et
177 2091 261 2154 velut
277 2109 406 2152 oceanus
418 2089 501 2150 lente
516 2091 627 2152 reludit
639 2110 739 2172 aquas.

79 2189 145 2252 vix
157 2186 253 2250 modo
265 2197 326 2246 tarn
337 2184 434 2245 nitido
448 2205 599 2266 pomposa
612 2200 754 2268 poemata
768 2186 867 2264 cultu,

128 2281 223 2348 Audit
232 2278 366 2362 Traiano
380 2276 482 2340 Roma
496 2282 626 2341 verenda
641 2281 720 2341 loro.
863 2271 864 2276 ¹

87 2375 183 2458 Quod
198 2375 223 2437 si
238 2373 297 2435 tale
309 2375 399 2435 decus
412 2374 565 2436 recitasses
579 2395 651 2436 aure
663 2387 800 2452 senatus,

136 2469 319 2533 Stravissent
331 2469 442 2550 plantis
454 2489 544 2532 aurea
557 2470 607 2532 tila
618 2471 686 2531 tuis.

84 2564 252 2640 Perlucet,
267 2584 323 2644 per
336 2564 486 2644 populos,
500 2586 557 2646 per
570 2567 705 2648 compita
719 2577 825 2628 cuncta
838 2566 974 2648 videres,

133 2656 269 2722 Currere
282 2658 444 2720 versiculos
457 2659 547 2741 plebe
559 2660 678 2722 favente
691 2674 770 2722 tuos.

89 2754 156 2816 Sed
170 2766 273 2814 tamen
288 2752 319 2812 iu
332 2765 430 2814 vestro
442 2757 578 2834 quaedam
592 2775 732 2816 sermone
744 2755 863 2833 notavi,

136 2845 285 2911 Carmine
301 2848 337 2908 de
351 2849 445 2908 veteri
459 2849 537 2911 lurta
553 2850 672 2911 novella
684 2850 777 2932 loqui.

88 2941 140 3006 Ex
153 2942 264 3023 quibus
278 2943 310 3002 in
324 2942 427 3022 paucis
438 2945 629 3025 superaddita
640 2945 754 3030 syllaba
766 2945 871 3029 fregit,

136 3035 178 3098 Et
193 3038 271 3118 pede
285 3036 354 3097 laesa
365 3057 419 3097 suo
435 3038 549 3100 musica
563 3039 668 3101 clauda
678 3039 780 3123 gemit.

91 3131 209 3210 Nunc,
225 3131 397 3194 venerande
411 3144 513 3214 pater,
529 3154 638 3216 prece,
652 3148 742 3213 voto,
756 3153 831 3200 voce
842 3131 959 3211 saluto,

847 3230 897 3304 al.
