2230 3838
122 346 178 388 na
371 338 405 391 V.
434 337 466 389 H.
495 333 747 390 FORTUNA‘rt

285 429 400 492 Fucata
412 425 534 491 res'haec
545 427 686 512 contigit,

242 525 375 587 Vitanda
388 538 469 587 casto
483 537 622 606 pectore;

246 619 414 702 Superstite
427 632 459 680 ut
472 629 687 701 presumeret,

245 713 320 777 Post
333 715 393 775 sata
405 716 486 794 quod
499 712 547 775 vix
561 711 674 772 debuit.

288 809 401 872 Gravat
413 809 551 872 sacerdos
562 806 724 880 ordinem,

247 906 314 986 Qui
324 905 532 987 episcopatum
544 903 587 965 sic
601 901 694 983 petit:

247 999 402 1081 Praecepta
416 999 468 1078 qui
481 996 713 1080 complectitur,

245 1093 337 1177 Fugit
349 1093 474 1154 honoris
488 1091 647 1152 ambitum„

290 1187 364 1250 Hoc
377 1189 401 1249 si
416 1188 463 1250 cui
475 1188 512 1248 sit
526 1185 684 1260 debiturn,

250 1282 382 1348 Coactus
396 1285 535 1345 ascendat
548 1283 694 1366 gradum:

248 1379 324 1441 Nou
338 1401 374 1441 se·
383 1377 643 1461 petente'callide‚

251 1472 313 1536 Sed
326 1476 415 1537 dante
431 1472 548 1535 Christi
559 1489 696 1532 munere·

291 1568 416 1650 Ineptus
431 1581 474 1629 est
486 1568 538 1649 qui
549 1579 656 1629 sanctae
669 1585 706 1626 se

250 1661 401 1725 Praeferre
413 1663 475 1725 vult
489 1662 639 1734 ecclesiae;

207 1799 209 1802 -
250 1755 335 1819 Nam
350 1780 414 1819 rem
428 1772 575 1820 sacratam
587 1775 729 1832 sumere,

251 1850 372 1915 Electio
386 1853 488 1916 diviua
498 1853 546 1916 sit.

296 1945 390 2010 Catus
401 1950 544 2011 sacerdos¹
553 1946 697 2009 ordinem
750 2011 751 2014 Ἴ

254 2041 393 2106 Hilarius
405 2064 468 2105 non
482 2042 606 2117 ambiit,

254 2136 408 2201 Martinus
421 2138 496 2199 illud
509 2136 632 2220 effugit,

257 2233 425 2318 Gregorius
436 2234 484 2295 vix
495 2231 621 2294 sustulit.

298 2329 394 2414 Leges
407 2330 537 2390 refutant
549 2325 721 2400 ambitum,

256 2423 383 2487 Invasor
395 2425 495 2485 omnis
506 2421 647 2505 pellitur,

260 2518 357 2601 Quod
371 2532 514 2600 respuunt
527 2515 687 2599 praetoria,

259 2613 345 2676 Vitat
358 2613 442 2675 nesas
455 2612 589 2675 ecelesia.

303 2707 439 2793 Maligna
451 2720 535 2769 erant
550 2703 737 2779 certamina,

262 2803 312 2865 De
326 2804 396 2866 sede
408 2824 471 2865 non
482 2815 584 2864 tamen
597 2820 669 2862 sua:

265 2898 346 2981 Quae
360 2920 416 2962 nee
430 2899 492 2981 pati
506 2896 671 2970 desiderat,

264 2995 340 3058 Non
354 2994 462 3056 inserat
473 3013 563 3055 mens
573 2986 725 3071 improba,

307 3090 377 3154 Nee
389 3089 526 3173 longiore
537 3101 678 3166 tempore

266 3188 434 3251 Versantur
446 3186 479 3245 in
491 3185 551 3246 hoe
561 3198 736 3255 murmure,
