2222 3852
247 257 484 312 POEMATUM
505 257 627 311 LIBER
651 259 718 312 Vll.
865 255 924 342 259

62 358 217 420 Martinum
228 359 350 439 cupiens
361 369 432 418 roto
447 356 638 442 Radegnndis
648 359 787 439 adhaesit,

99 451 194 534 Quam
206 454 308 538 gennit
320 451 396 514 coelo
409 465 488 514 terra
500 451 654 538 Thuringa
666 474 761 517 sacro

62 549 196 611 Germine
207 547 298 631 regali
311 548 362 629 pia
374 548 473 629 neptis
485 547 733 626 Herminesredi,

98 641 152 704 Cui
164 645 200 704 de
214 642 304 703 fratre
317 642 409 724 patris
422 640 654 704 Hamalasrerlus
666 645 757 705 adest.

61 734 141 798 Mens
153 749 256 799 ornata
267 736 357 798 bonis
369 736 507 820 fugitivos
518 737 631 818 sprevit
642 736 791 817 honores,

96 830 229 894 Noscens
239 833 272 891 in
283 830 350 891 solo
363 830 450 891 firma
460 851 583 892 manere
594 829 675 892 Deo.

64 923 145 1008 Regia
157 926 277 988 lanilico
288 937 477 988 commutans
488 924 579 1006 pallia
590 924 689 1001 cultu,

96 1017 192 1080 Vilior
202 1019 320 1082 ancillae
331 1019 419 1081 vestis
432 1029 530 1078 amata
541 1018 621 1101 tegit.

67 1110 216 1194 Splendida
228 1133 347 1175 serraco
360 1113 512 1192 quondam
525 1113 664 1174 subrecta
674 1115 822 1195 superbo,

97 1205 182 1270 Nunc
194 1207 267 1268 terit
280 1204 424 1285 obsequio
438 1205 540 1287 planta
552 1207 687 1267 modesta
700 1207 806 1268 lutum.

68 1298 131 1380 Qua
141 1301 227 1383 prius
237 1300 356 1362 insertis
368 1313 491 1361 onerata
503 1313 547 1361 est
558 1301 657 1360 dextra
667 1302 848 1386 smaragdis,

100 1392 191 1456 Servit
202 1395 294 1475 inops
305 1392 424 1454 famulis
436 1392 591 1454 sedulitate
599 1393 669 1455 suis.

67 1485 137 1548 Aula
147 1488 227 1551 eelsa
238 1508 342 1572 regens
355 1488 506 1566 quondam
518 1488 612 1548 modo
624 1489 703 1569 jussa
719 1487 885 1565 ministrat,

100 1579 171 1662 Quae
184 1582 372 1644 dominando
386 1580 486 1663 prius,
501 1601 581 1643 nnnc
593 1581 766 1645 famulando
778 1584 885 1666 placet.

69 1669 234 1758 Paupertate
247 1687 355 1757 potens
367 1687 396 1736 et
406 1674 472 1736 solo
485 1674 581 1736 libera
592 1687 683 1754 voto,

101 1768 217 1832 Clarius
230 1771 348 1851 objecto
361 1781 417 1830 stat
431 1769 542 1830 radiata
556 1769 635 1832 loco.

68 1860 155 1924 Aurea
165 1865 262 1927 fulera
273 1876 378 1924 tenens
390 1875 505 1924 tantum
518 1862 657 1925 sibivilis
667 1863 799 1943 honore,

102 1953 213 2043 Ellngit
226 1970 389 2019 extructum
399 1956 523 2038 pulvere
535 1956 599 2018 fusa
611 1957 742 2019 thorum.

72 2044 99 2108 si
110 2063 331 2127 contemnatur,
347 2063 417 2112 tnnc
429 2050 541 2112 nobilis
552 2071 615 2112 esse
628 2051 752 2113 latetur:

103 2141 141 2205 Et
150 2158 235 2228 putat
247 2166 311 2208 esse
324 2145 443 2221 minor,
457 2146 483 2206 si
496 2147 582 2206 datur
595 2145 671 2207 ullus
682 2147 791 2207 honor.

71 2231 155 2301 Parca
165 2241 236 2304 cibo
250 2238 448 2301 Eustochium
460 2259 619 2319 superans,
634 2241 779 2302 abstemia
794 2237 936 2318 Paulam,

102 2329 235 2395 Vulnera
246 2353 306 2412 quo
317 2345 401 2395 curet
413 2333 470 2393 dux
484 2331 615 2395 Fabiola
630 2346 745 2396 monet.

72 2418 227 2489 Melaniam
240 2427 337 2489 studio
350 2445 492 2508 reparans
504 2426 615 2508 pietate
627 2425 804 2506 Blesillam,

107 2516 282 2585 Marcellam
293 2511 371 2582 votis
382 2521 566 2603 aequiparare
580 2520 690 2583 valens.

73 2604 222 2696 Obsequio
236 2613 389 2674 lllartham
402 2627 542 2690 renovat,
555 2614 754 2700 lacrymisque
767 2612 919 2695 Mariam,

107 2702 235 2793 Pervigil
247 2707 415 2792 Eugenium
428 2708 478 2768 dat
490 2709 632 2790 patiendo
646 2707 780 2771 Teclam.

74 2791 206 2865 Senibus
216 2804 271 2864 ista
283 2803 359 2887 gerit
370 2801 511 2884 quicquid
524 2803 660 2864 landatur
671 2803 704 2863 in
716 2803 794 2880 illis,

109 2889 196 2979 Signa
211 2916 393 2980 recognosco
407 2918 472 2976 qnae
485 2897 569 2979 prius
579 2909 644 2960 acta
656 2897 734 2981 lego.

75 2976 182 3050 Omnia
194 2989 361 3072 despiciens
374 3001 404 3051 et
415 2990 511 3053 adhuc
524 2993 555 3052 in
569 3009 698 3073 corpore
712 3002 867 3070 constans,

110 3075 236 3165 Spiritus
246 3084 297 3148 hie
308 3083 398 3164 vivit,
411 3083 464 3150 setl
476 3105 546 3150 caro
559 3085 660 3150 funeta
671 3086 758 3169 jacet.
