<?xml version="1.0" encoding="UTF-8"?>
<!DOCTYPE html PUBLIC "-//W3C//DTD XHTML 1.0 Transitional//EN"
    "http://www.w3.org/TR/xhtml1/DTD/xhtml1-transitional.dtd">
<html xmlns="http://www.w3.org/1999/xhtml" xml:lang="en" lang="en">
 <head>
  <title>
</title>
<meta http-equiv="Content-Type" content="text/html;charset=utf-8" />
  <meta name='ocr-system' content='tesseract 3.04.00' />
  <meta name='ocr-capabilities' content='ocr_page ocr_carea ocr_par ocr_line ocrx_word'/>
</head>
<body>
  <div class='ocr_page' id='page_1' title='image "./venantiihonorii00unkngoog_0152.png"; bbox 0 0 2230 3838; ppageno 0'>
   <div class='ocr_carea' id='block_1_1' title="bbox 150 303 771 378">
    <p class='ocr_par' dir='ltr' id='par_1_1' title="bbox 150 303 771 378">
     <span class='ocr_line' id='line_1_1' title="bbox 150 303 771 378; baseline 0.014 -10"><span class='ocrx_word' id='word_1_1' title='bbox 150 303 208 369; x_wconf 79' lang='grc'><strong>136</strong></span> <span class='ocrx_word' id='word_1_2' title='bbox 404 323 437 376; x_wconf 77' lang='lat' dir='ltr'><strong>V.</strong></span> <span class='ocrx_word' id='word_1_3' title='bbox 460 321 493 376; x_wconf 87' lang='lat' dir='ltr'><strong>ll.</strong></span> <span class='ocrx_word' id='word_1_4' title='bbox 521 321 771 378; x_wconf 81' lang='lat' dir='ltr'><strong>FORTUNATI</strong></span> 
     </span>
    </p>
   </div>
   <div class='ocr_carea' id='block_1_2' title="bbox 142 412 1025 3096">
    <p class='ocr_par' dir='ltr' id='par_1_2' title="bbox 142 412 1025 3096">
     <span class='ocr_line' id='line_1_2' title="bbox 182 412 833 498; baseline 0.006 -26"><span class='ocrx_word' id='word_1_5' title='bbox 182 412 318 476; x_wconf 87' lang='lat' dir='ltr'><strong>Venerat</strong></span> <span class='ocrx_word' id='word_1_6' title='bbox 331 425 363 474; x_wconf 91' lang='lat' dir='ltr'><strong>ut</strong></span> <span class='ocrx_word' id='word_1_7' title='bbox 376 425 514 496; x_wconf 89' lang='lat' dir='ltr'><strong>caperet,</strong></span> <span class='ocrx_word' id='word_1_8' title='bbox 529 427 632 497; x_wconf 89' lang='lat' dir='ltr'><strong>captus</strong></span> <span class='ocrx_word' id='word_1_9' title='bbox 645 427 674 476; x_wconf 91' lang='lat' dir='ltr'><strong>at</strong></span> <span class='ocrx_word' id='word_1_10' title='bbox 689 416 753 498; x_wconf 88' lang='lat' dir='ltr'><strong>ipse</strong></span> <span class='ocrx_word' id='word_1_11' title='bbox 768 415 833 478; x_wconf 86' lang='lat' dir='ltr'><strong>suit.</strong></span> 
     </span>
     <span class='ocr_line' id='line_1_3' title="bbox 142 506 932 590; baseline 0.003 -20"><span class='ocrx_word' id='word_1_12' title='bbox 142 506 174 570; x_wconf 86' lang='lat' dir='ltr'>N</span> <span class='ocrx_word' id='word_1_13' title='bbox 177 527 212 570; x_wconf 88' lang='lat' dir='ltr'><strong>cc</strong></span> <span class='ocrx_word' id='word_1_14' title='bbox 224 507 319 590; x_wconf 80' lang='lat' dir='ltr'><strong>tetigit</strong></span> <span class='ocrx_word' id='word_1_15' title='bbox 332 520 480 585; x_wconf 88' lang='lat' dir='ltr'><strong>mustum,</strong></span> <span class='ocrx_word' id='word_1_16' title='bbox 494 510 547 570; x_wconf 90' lang='lat' dir='ltr'><strong>scd</strong></span> <span class='ocrx_word' id='word_1_17' title='bbox 560 509 663 590; x_wconf 84' lang='lat' dir='ltr'><strong>iniqua</strong></span> <span class='ocrx_word' id='word_1_18' title='bbox 677 522 779 572; x_wconf 87' lang='lat' dir='ltr'><strong>mente</strong></span> <span class='ocrx_word' id='word_1_19' title='bbox 793 522 932 587; x_wconf 85' lang='lat' dir='ltr'><strong>rotatur,</strong></span> 
     </span>
     <span class='ocr_line' id='line_1_4' title="bbox 192 599 833 686; baseline -0.005 -22"><span class='ocrx_word' id='word_1_20' title='bbox 192 599 291 664; x_wconf 74' lang='lat' dir='ltr'><strong>Antea</strong></span> <span class='ocrx_word' id='word_1_21' title='bbox 302 619 392 684; x_wconf 88' lang='lat' dir='ltr'><strong>quam</strong></span> <span class='ocrx_word' id='word_1_22' title='bbox 405 603 540 679; x_wconf 82' lang='lat' dir='ltr'>biberet,</span> <span class='ocrx_word' id='word_1_23' title='bbox 553 603 636 664; x_wconf 90' lang='lat' dir='ltr'><strong>ebria</strong></span> <span class='ocrx_word' id='word_1_24' title='bbox 647 603 736 665; x_wconf 83' lang='lat' dir='ltr'><strong>turba</strong></span> <span class='ocrx_word' id='word_1_25' title='bbox 747 606 833 686; x_wconf 88' lang='lat' dir='ltr'><strong>jacet.</strong></span> 
     </span>
     <span class='ocr_line' id='line_1_5' title="bbox 145 695 868 780; baseline 0 -23"><span class='ocrx_word' id='word_1_26' title='bbox 145 695 264 778; x_wconf 89' lang='lat' dir='ltr'><strong>lncepit</strong></span> <span class='ocrx_word' id='word_1_27' title='bbox 275 715 394 758; x_wconf 84' lang='lat' dir='ltr'><strong>servare</strong></span> <span class='ocrx_word' id='word_1_28' title='bbox 409 696 503 780; x_wconf 83' lang='lat' dir='ltr'><strong>magis</strong></span> <span class='ocrx_word' id='word_1_29' title='bbox 516 717 607 778; x_wconf 91' lang='lat' dir='ltr'><strong>quam</strong></span> <span class='ocrx_word' id='word_1_30' title='bbox 621 697 700 759; x_wconf 82' lang='lat' dir='ltr'><strong>ferre</strong></span> <span class='ocrx_word' id='word_1_31' title='bbox 714 717 868 760; x_wconf 80' lang='lat' dir='ltr'>racemos:</span> 
     </span>
     <span class='ocr_line' id='line_1_6' title="bbox 189 785 880 873; baseline 0.004 -25"><span class='ocrx_word' id='word_1_32' title='bbox 189 785 230 849; x_wconf 87' lang='lat' dir='ltr'><strong>Et</strong></span> <span class='ocrx_word' id='word_1_33' title='bbox 243 789 326 850; x_wconf 89' lang='lat' dir='ltr'><strong>datus</strong></span> <span class='ocrx_word' id='word_1_34' title='bbox 340 801 383 851; x_wconf 87' lang='lat' dir='ltr'><strong>est</strong></span> <span class='ocrx_word' id='word_1_35' title='bbox 399 803 514 868; x_wconf 90' lang='lat' dir='ltr'><strong>custos,</strong></span> <span class='ocrx_word' id='word_1_36' title='bbox 529 791 581 873; x_wconf 92' lang='lat' dir='ltr'><strong>qui</strong></span> <span class='ocrx_word' id='word_1_37' title='bbox 594 791 677 873; x_wconf 91' lang='lat' dir='ltr'><strong>cupit</strong></span> <span class='ocrx_word' id='word_1_38' title='bbox 689 811 753 852; x_wconf 88' lang='lat' dir='ltr'><strong>esse</strong></span> <span class='ocrx_word' id='word_1_39' title='bbox 767 811 880 872; x_wconf 78' lang='lat' dir='ltr'><strong>rapax:</strong></span> 
     </span>
     <span class='ocr_line' id='line_1_7' title="bbox 146 881 834 967; baseline 0 -23"><span class='ocrx_word' id='word_1_40' title='bbox 146 881 273 958; x_wconf 87' lang='lat' dir='ltr'><strong>Donec,</strong></span> <span class='ocrx_word' id='word_1_41' title='bbox 288 896 386 946; x_wconf 88' lang='lat' dir='ltr'><strong>sancte</strong></span> <span class='ocrx_word' id='word_1_42' title='bbox 403 884 461 945; x_wconf 87' lang='lat' dir='ltr'><strong>tuis</strong></span> <span class='ocrx_word' id='word_1_43' title='bbox 472 885 576 947; x_wconf 85' lang='lat' dir='ltr'><strong>verbis</strong></span> <span class='ocrx_word' id='word_1_44' title='bbox 584 885 715 967; x_wconf 86' lang='lat' dir='ltr'><strong>jussisses</strong></span> <span class='ocrx_word' id='word_1_45' title='bbox 728 883 834 960; x_wconf 88' lang='lat' dir='ltr'><strong>abire,</strong></span> 
     </span>
     <span class='ocr_line' id='line_1_8' title="bbox 191 973 922 1060; baseline 0.004 -24"><span class='ocrx_word' id='word_1_46' title='bbox 191 973 237 1037; x_wconf 90' lang='lat' dir='ltr'><strong>Ut</strong></span> <span class='ocrx_word' id='word_1_47' title='bbox 250 976 378 1038; x_wconf 78' lang='lat' dir='ltr'><strong>fructum</strong></span> <span class='ocrx_word' id='word_1_48' title='bbox 390 977 548 1060; x_wconf 87' lang='lat' dir='ltr'><strong>impleret,</strong></span> <span class='ocrx_word' id='word_1_49' title='bbox 564 981 667 1042; x_wconf 88' lang='lat' dir='ltr'><strong>doctus</strong></span> <span class='ocrx_word' id='word_1_50' title='bbox 679 980 717 1040; x_wconf 90' lang='lat' dir='ltr'><strong>ab</strong></span> <span class='ocrx_word' id='word_1_51' title='bbox 730 979 816 1040; x_wconf 90' lang='lat' dir='ltr'><strong>hoste</strong></span> <span class='ocrx_word' id='word_1_52' title='bbox 832 977 922 1040; x_wconf 83' lang='lat' dir='ltr'><strong>redit.</strong></span> 
     </span>
     <span class='ocr_line' id='line_1_9' title="bbox 153 1069 999 1154; baseline -0.002 -22"><span class='ocrx_word' id='word_1_53' title='bbox 153 1069 233 1150; x_wconf 84' lang='lat' dir='ltr'><strong>Quae</strong></span> <span class='ocrx_word' id='word_1_54' title='bbox 247 1082 348 1131; x_wconf 84' lang='lat' dir='ltr'><strong>manet</strong></span> <span class='ocrx_word' id='word_1_55' title='bbox 357 1071 420 1134; x_wconf 80' lang='lat' dir='ltr'><strong>lsaec</strong></span> <span class='ocrx_word' id='word_1_56' title='bbox 434 1071 528 1133; x_wconf 89' lang='lat' dir='ltr'><strong>animi</strong></span> <span class='ocrx_word' id='word_1_57' title='bbox 542 1072 654 1154; x_wconf 86' lang='lat' dir='ltr'><strong>pietas,</strong></span> <span class='ocrx_word' id='word_1_58' title='bbox 667 1072 850 1135; x_wconf 86' lang='lat' dir='ltr'><strong>sanctissime</strong></span> <span class='ocrx_word' id='word_1_59' title='bbox 865 1070 999 1154; x_wconf 84' lang='lat' dir='ltr'><strong>praesul,</strong></span> 
     </span>
     <span class='ocr_line' id='line_1_10' title="bbox 192 1162 790 1244; baseline 0.003 -19"><span class='ocrx_word' id='word_1_60' title='bbox 192 1162 366 1225; x_wconf 84' lang='lat' dir='ltr'><strong>Loedentem</strong></span> <span class='ocrx_word' id='word_1_61' title='bbox 379 1163 491 1225; x_wconf 72' lang='lat' dir='ltr'><strong>auxilio</strong></span> <span class='ocrx_word' id='word_1_62' title='bbox 502 1163 554 1244; x_wconf 93' lang='lat' dir='ltr'><strong>qui</strong></span> <span class='ocrx_word' id='word_1_63' title='bbox 567 1164 641 1227; x_wconf 85' lang='lat' dir='ltr'><strong>lacis</strong></span> <span class='ocrx_word' id='word_1_64' title='bbox 654 1165 699 1228; x_wconf 89' lang='lat' dir='ltr'><strong>ire</strong></span> <span class='ocrx_word' id='word_1_65' title='bbox 713 1167 790 1227; x_wconf 82' lang='lat' dir='ltr'><strong>tuo?</strong></span> 
     </span>
     <span class='ocr_line' id='line_1_11' title="bbox 149 1255 982 1341; baseline 0.001 -23"><span class='ocrx_word' id='word_1_66' title='bbox 149 1255 331 1318; x_wconf 85' lang='lat' dir='ltr'><strong>Tintinnum</strong></span> <span class='ocrx_word' id='word_1_67' title='bbox 345 1256 423 1340; x_wconf 81' lang='lat' dir='ltr'>rapit</span> <span class='ocrx_word' id='word_1_68' title='bbox 435 1256 512 1318; x_wconf 88' lang='lat' dir='ltr'><strong>alter</strong></span> <span class='ocrx_word' id='word_1_69' title='bbox 522 1256 611 1339; x_wconf 89' lang='lat' dir='ltr'><strong>inops</strong></span> <span class='ocrx_word' id='word_1_70' title='bbox 624 1300 632 1333; x_wconf 95' lang='lat'><strong>,</strong></span> <span class='ocrx_word' id='word_1_71' title='bbox 645 1258 738 1341; x_wconf 82' lang='lat' dir='ltr'><strong>magis</strong></span> <span class='ocrx_word' id='word_1_72' title='bbox 750 1257 911 1340; x_wconf 87' lang='lat' dir='ltr'><strong>improbus</strong></span> <span class='ocrx_word' id='word_1_73' title='bbox 923 1256 982 1319; x_wconf 83' lang='lat' dir='ltr'><strong>ille</strong></span> 
     </span>
     <span class='ocr_line' id='line_1_12' title="bbox 194 1348 785 1433; baseline 0.003 -23"><span class='ocrx_word' id='word_1_74' title='bbox 194 1349 260 1430; x_wconf 86' lang='lat' dir='ltr'><strong>Qui</strong></span> <span class='ocrx_word' id='word_1_75' title='bbox 272 1353 477 1433; x_wconf 83' lang='lat' dir='ltr'><strong>jumentorum</strong></span> <span class='ocrx_word' id='word_1_76' title='bbox 489 1348 567 1412; x_wconf 91' lang='lat' dir='ltr'><strong>colla</strong></span> <span class='ocrx_word' id='word_1_77' title='bbox 580 1362 682 1411; x_wconf 91' lang='lat' dir='ltr'><strong>tenere</strong></span> <span class='ocrx_word' id='word_1_78' title='bbox 699 1349 785 1412; x_wconf 88' lang='lat' dir='ltr'><strong>solet.</strong></span> 
     </span>
     <span class='ocr_line' id='line_1_13' title="bbox 154 1440 880 1524; baseline -0.001 -19"><span class='ocrx_word' id='word_1_79' title='bbox 154 1440 380 1522; x_wconf 75' lang='lat' dir='ltr'><strong>Absconditque</strong></span> <span class='ocrx_word' id='word_1_80' title='bbox 393 1442 477 1518; x_wconf 87' lang='lat' dir='ltr'><strong>sinu,</strong></span> <span class='ocrx_word' id='word_1_81' title='bbox 492 1442 563 1504; x_wconf 85' lang='lat' dir='ltr'><strong>seno</strong></span> <span class='ocrx_word' id='word_1_82' title='bbox 577 1443 732 1524; x_wconf 75' lang='lat' dir='ltr'><strong>praecludit</strong></span> <span class='ocrx_word' id='word_1_83' title='bbox 743 1443 880 1521; x_wconf 79' lang='lat' dir='ltr'><strong>histum,</strong></span> 
     </span>
     <span class='ocr_line' id='line_1_14' title="bbox 195 1534 862 1618; baseline 0.001 -21"><span class='ocrx_word' id='word_1_84' title='bbox 195 1534 237 1598; x_wconf 86' lang='lat' dir='ltr'><strong>Et</strong></span> <span class='ocrx_word' id='word_1_85' title='bbox 249 1548 330 1597; x_wconf 89' lang='lat' dir='ltr'><strong>tenet</strong></span> <span class='ocrx_word' id='word_1_86' title='bbox 342 1535 405 1618; x_wconf 90' lang='lat' dir='ltr'><strong>ipse</strong></span> <span class='ocrx_word' id='word_1_87' title='bbox 417 1555 525 1612; x_wconf 79' lang='lat' dir='ltr'><strong>manu,</strong></span> <span class='ocrx_word' id='word_1_88' title='bbox 540 1556 579 1597; x_wconf 91' lang='lat' dir='ltr'><strong>ne</strong></span> <span class='ocrx_word' id='word_1_89' title='bbox 593 1535 762 1602; x_wconf 81' lang='lat' dir='ltr'><strong>manifestet</strong></span> <span class='ocrx_word' id='word_1_90' title='bbox 776 1555 862 1617; x_wconf 78' lang='lat' dir='ltr'><strong>opus</strong></span> 
     </span>
     <span class='ocr_line' id='line_1_15' title="bbox 154 1627 878 1711; baseline 0 -21"><span class='ocrx_word' id='word_1_91' title='bbox 154 1627 202 1692; x_wconf 79' lang='lat' dir='ltr'><strong>‘l&#39;e</strong></span> <span class='ocrx_word' id='word_1_92' title='bbox 214 1629 352 1691; x_wconf 82' lang='lat' dir='ltr'><strong>veniente</strong></span> <span class='ocrx_word' id='word_1_93' title='bbox 363 1648 464 1706; x_wconf 88' lang='lat' dir='ltr'><strong>sacer,</strong></span> <span class='ocrx_word' id='word_1_94' title='bbox 476 1647 576 1691; x_wconf 87' lang='lat' dir='ltr'><strong>causas</strong></span> <span class='ocrx_word' id='word_1_95' title='bbox 587 1629 728 1711; x_wconf 80' lang='lat' dir='ltr'><strong>patefecit</strong></span> <span class='ocrx_word' id='word_1_96' title='bbox 740 1641 878 1710; x_wconf 87' lang='lat' dir='ltr'><strong>apertas,</strong></span> 
     </span>
     <span class='ocr_line' id='line_1_16' title="bbox 195 1720 854 1805; baseline -0.002 -22"><span class='ocrx_word' id='word_1_97' title='bbox 195 1720 324 1783; x_wconf 78' lang='lat' dir='ltr'><strong>&#39;linuitu</strong></span> <span class='ocrx_word' id='word_1_98' title='bbox 337 1721 485 1803; x_wconf 86' lang='lat' dir='ltr'><strong>incipiens</strong></span> <span class='ocrx_word' id='word_1_99' title='bbox 496 1723 559 1805; x_wconf 73' lang='lat' dir='ltr'><strong>iam</strong></span> <span class='ocrx_word' id='word_1_100' title='bbox 572 1721 655 1805; x_wconf 85' lang='lat' dir='ltr'><strong>quasi</strong></span> <span class='ocrx_word' id='word_1_101' title='bbox 669 1721 854 1802; x_wconf 78' lang='lat' dir='ltr'><strong>furtaloqui.</strong></span> 
     </span>
     <span class='ocr_line' id='line_1_17' title="bbox 156 1814 875 1893; baseline -0.006 -13"><span class='ocrx_word' id='word_1_102' title='bbox 156 1814 213 1880; x_wconf 89' lang='lat' dir='ltr'><strong>Nil</strong></span> <span class='ocrx_word' id='word_1_103' title='bbox 224 1815 302 1878; x_wconf 85' lang='lat' dir='ltr'><strong>valet</strong></span> <span class='ocrx_word' id='word_1_104' title='bbox 312 1815 469 1892; x_wconf 75' lang='lat' dir='ltr'><strong>abscondi,</strong></span> <span class='ocrx_word' id='word_1_105' title='bbox 482 1815 528 1876; x_wconf 90' lang='lat' dir='ltr'><strong>nil</strong></span> <span class='ocrx_word' id='word_1_106' title='bbox 538 1815 654 1892; x_wconf 91' lang='lat' dir='ltr'><strong>claudi,</strong></span> <span class='ocrx_word' id='word_1_107' title='bbox 668 1814 752 1879; x_wconf 87' lang='lat' dir='ltr'><strong>nilve</strong></span> <span class='ocrx_word' id='word_1_108' title='bbox 759 1815 875 1893; x_wconf 88' lang='lat' dir='ltr'><strong>teneri,</strong></span> 
     </span>
     <span class='ocr_line' id='line_1_18' title="bbox 144 1903 867 1991; baseline -0.001 -21"><span class='ocrx_word' id='word_1_109' title='bbox 144 1903 146 1909; x_wconf 71' lang='grc'><strong>’</strong></span> <span class='ocrx_word' id='word_1_110' title='bbox 195 1908 343 1972; x_wconf 80' lang='lat' dir='ltr'><strong>Facundo</strong></span> <span class='ocrx_word' id='word_1_111' title='bbox 352 1908 479 1991; x_wconf 88' lang='lat' dir='ltr'><strong>strepitu</strong></span> <span class='ocrx_word' id='word_1_112' title='bbox 490 1908 623 1991; x_wconf 84' lang='lat' dir='ltr'><strong>prodidit</strong></span> <span class='ocrx_word' id='word_1_113' title='bbox 637 1928 729 1970; x_wconf 93' lang='lat' dir='ltr'><strong>omne</strong></span> <span class='ocrx_word' id='word_1_114' title='bbox 743 1907 867 1970; x_wconf 89' lang='lat' dir='ltr'><strong>malum.</strong></span> 
     </span>
     <span class='ocr_line' id='line_1_19' title="bbox 156 2000 909 2085; baseline 0.001 -21"><span class='ocrx_word' id='word_1_115' title='bbox 156 2000 312 2066; x_wconf 85' lang='lat' dir='ltr'><strong>Pandcbat</strong></span> <span class='ocrx_word' id='word_1_116' title='bbox 324 2002 482 2085; x_wconf 84' lang='lat' dir='ltr'><strong>propriam</strong></span> <span class='ocrx_word' id='word_1_117' title='bbox 494 2001 584 2066; x_wconf 85' lang='lat' dir='ltr'><strong>veluti</strong></span> <span class='ocrx_word' id='word_1_118' title='bbox 597 2003 760 2085; x_wconf 83' lang='lat' dir='ltr'><strong>subjudice</strong></span> <span class='ocrx_word' id='word_1_119' title='bbox 772 2022 909 2081; x_wconf 80' lang='lat' dir='ltr'><strong>causam,</strong></span> 
     </span>
     <span class='ocr_line' id='line_1_20' title="bbox 198 2094 764 2158; baseline -0.002 0"><span class='ocrx_word' id='word_1_120' title='bbox 198 2095 256 2158; x_wconf 90' lang='lat' dir='ltr'><strong>Nil</strong></span> <span class='ocrx_word' id='word_1_121' title='bbox 268 2096 305 2158; x_wconf 89' lang='lat' dir='ltr'><strong>de</strong></span> <span class='ocrx_word' id='word_1_122' title='bbox 318 2095 383 2157; x_wconf 85' lang='lat' dir='ltr'><strong>lure</strong></span> <span class='ocrx_word' id='word_1_123' title='bbox 396 2094 505 2157; x_wconf 87' lang='lat' dir='ltr'><strong>timens</strong></span> <span class='ocrx_word' id='word_1_124' title='bbox 518 2095 664 2158; x_wconf 84' lang='lat' dir='ltr'><strong>liberiore</strong></span> <span class='ocrx_word' id='word_1_125' title='bbox 678 2115 764 2158; x_wconf 86' lang='lat' dir='ltr'><strong>sono.</strong></span> 
     </span>
     <span class='ocr_line' id='line_1_21' title="bbox 157 2188 934 2269; baseline -0.001 -18"><span class='ocrx_word' id='word_1_126' title='bbox 157 2188 297 2269; x_wconf 83' lang='lat' dir='ltr'><strong>Judicat,</strong></span> <span class='ocrx_word' id='word_1_127' title='bbox 311 2201 442 2265; x_wconf 77' lang='lat' dir='ltr'><strong>accuset,</strong></span> <span class='ocrx_word' id='word_1_128' title='bbox 457 2189 625 2266; x_wconf 79' lang='lat' dir='ltr'><strong>convincit,</strong></span> <span class='ocrx_word' id='word_1_129' title='bbox 640 2191 778 2267; x_wconf 88' lang='lat' dir='ltr'><strong>damnat,</strong></span> <span class='ocrx_word' id='word_1_130' title='bbox 793 2189 934 2268; x_wconf 81' lang='lat' dir='ltr'><strong>acerbat,</strong></span> 
     </span>
     <span class='ocr_line' id='line_1_22' title="bbox 198 2281 864 2366; baseline 0.003 -22"><span class='ocrx_word' id='word_1_131' title='bbox 198 2281 247 2345; x_wconf 79' lang='lat' dir='ltr'><strong>‘l&#39;e</strong></span> <span class='ocrx_word' id='word_1_132' title='bbox 258 2295 403 2366; x_wconf 83' lang='lat' dir='ltr'><strong>praesente</strong></span> <span class='ocrx_word' id='word_1_133' title='bbox 417 2295 518 2345; x_wconf 79' lang='lat' dir='ltr'><strong>tamen</strong></span> <span class='ocrx_word' id='word_1_134' title='bbox 530 2301 593 2344; x_wconf 87' lang='lat' dir='ltr'><strong>non</strong></span> <span class='ocrx_word' id='word_1_135' title='bbox 605 2281 677 2345; x_wconf 88' lang='lat' dir='ltr'><strong>licet</strong></span> <span class='ocrx_word' id='word_1_136' title='bbox 689 2303 752 2345; x_wconf 87' lang='lat' dir='ltr'><strong>esse</strong></span> <span class='ocrx_word' id='word_1_137' title='bbox 766 2303 864 2346; x_wconf 88' lang='lat' dir='ltr'><strong>reum.</strong></span> 
     </span>
     <span class='ocr_line' id='line_1_23' title="bbox 157 2376 782 2458; baseline -0.002 -18"><span class='ocrx_word' id='word_1_138' title='bbox 157 2377 298 2441; x_wconf 80' lang='lat' dir='ltr'><strong>Absolvis</strong></span> <span class='ocrx_word' id='word_1_139' title='bbox 310 2378 408 2440; x_wconf 80' lang='lat' dir='ltr'><strong>iurem</strong></span> <span class='ocrx_word' id='word_1_140' title='bbox 418 2377 513 2439; x_wconf 82' lang='lat' dir='ltr'><strong>solitae</strong></span> <span class='ocrx_word' id='word_1_141' title='bbox 525 2376 646 2458; x_wconf 88' lang='lat' dir='ltr'><strong>pietatis</strong></span> <span class='ocrx_word' id='word_1_142' title='bbox 658 2396 782 2453; x_wconf 85' lang='lat' dir='ltr'><strong>amore,</strong></span> 
     </span>
     <span class='ocr_line' id='line_1_24' title="bbox 199 2469 857 2546; baseline 0.002 -13"><span class='ocrx_word' id='word_1_143' title='bbox 199 2470 323 2534; x_wconf 84' lang='lat' dir='ltr'><strong>Addens</strong></span> <span class='ocrx_word' id='word_1_144' title='bbox 335 2484 364 2533; x_wconf 92' lang='lat' dir='ltr'><strong>et</strong></span> <span class='ocrx_word' id='word_1_145' title='bbox 376 2470 516 2546; x_wconf 84' lang='lat' dir='ltr'><strong>monitis,</strong></span> <span class='ocrx_word' id='word_1_146' title='bbox 531 2483 631 2533; x_wconf 87' lang='lat' dir='ltr'><strong>cautus</strong></span> <span class='ocrx_word' id='word_1_147' title='bbox 643 2483 675 2531; x_wconf 89' lang='lat' dir='ltr'><strong>ut</strong></span> <span class='ocrx_word' id='word_1_148' title='bbox 687 2471 779 2532; x_wconf 90' lang='lat' dir='ltr'><strong>intret</strong></span> <span class='ocrx_word' id='word_1_149' title='bbox 791 2469 857 2534; x_wconf 87' lang='lat' dir='ltr'><strong>iter.</strong></span> 
     </span>
     <span class='ocr_line' id='line_1_25' title="bbox 159 2561 932 2646; baseline 0 -20"><span class='ocrx_word' id='word_1_150' title='bbox 159 2561 343 2646; x_wconf 81' lang='lat' dir='ltr'><strong>Praecipiens</strong></span> <span class='ocrx_word' id='word_1_151' title='bbox 355 2563 512 2645; x_wconf 86' lang='lat' dir='ltr'><strong>querulam</strong></span> <span class='ocrx_word' id='word_1_152' title='bbox 525 2584 627 2627; x_wconf 87' lang='lat' dir='ltr'><strong>secum</strong></span> <span class='ocrx_word' id='word_1_153' title='bbox 640 2577 762 2646; x_wconf 82' lang='lat' dir='ltr'><strong>portare</strong></span> <span class='ocrx_word' id='word_1_154' title='bbox 774 2563 932 2646; x_wconf 83' lang='lat' dir='ltr'><strong>rapinam,</strong></span> 
     </span>
     <span class='ocr_line' id='line_1_26' title="bbox 202 2656 799 2740; baseline 0.002 -21"><span class='ocrx_word' id='word_1_155' title='bbox 202 2656 254 2720; x_wconf 90' lang='lat' dir='ltr'><strong>Ne</strong></span> <span class='ocrx_word' id='word_1_156' title='bbox 268 2677 358 2721; x_wconf 87' lang='lat' dir='ltr'><strong>vacua</strong></span> <span class='ocrx_word' id='word_1_157' title='bbox 371 2657 462 2720; x_wconf 87' lang='lat' dir='ltr'><strong>tristis</strong></span> <span class='ocrx_word' id='word_1_158' title='bbox 473 2677 527 2740; x_wconf 92' lang='lat' dir='ltr'><strong>spe</strong></span> <span class='ocrx_word' id='word_1_159' title='bbox 538 2671 688 2721; x_wconf 89' lang='lat' dir='ltr'><strong>remearet</strong></span> <span class='ocrx_word' id='word_1_160' title='bbox 701 2659 799 2740; x_wconf 90' lang='lat' dir='ltr'><strong>inops.</strong></span> 
     </span>
     <span class='ocr_line' id='line_1_27' title="bbox 162 2749 1025 2834; baseline 0.005 -22"><span class='ocrx_word' id='word_1_161' title='bbox 162 2749 249 2813; x_wconf 86' lang='lat' dir='ltr'><strong>Hinc</strong></span> <span class='ocrx_word' id='word_1_162' title='bbox 260 2762 379 2829; x_wconf 86' lang='lat' dir='ltr'><strong>tamen,</strong></span> <span class='ocrx_word' id='word_1_163' title='bbox 391 2763 423 2812; x_wconf 88' lang='lat' dir='ltr'><strong>ut</strong></span> <span class='ocrx_word' id='word_1_164' title='bbox 434 2764 557 2834; x_wconf 81' lang='lat' dir='ltr'><strong>potero,</strong></span> <span class='ocrx_word' id='word_1_165' title='bbox 573 2772 643 2814; x_wconf 91' lang='lat' dir='ltr'><strong>cum</strong></span> <span class='ocrx_word' id='word_1_166' title='bbox 654 2750 802 2834; x_wconf 83' lang='lat' dir='ltr'><strong>raptusab</strong></span> <span class='ocrx_word' id='word_1_167' title='bbox 817 2749 1025 2832; x_wconf 82' lang='lat' dir='ltr'><strong>orbeiuisses,</strong></span> 
     </span>
     <span class='ocr_line' id='line_1_28' title="bbox 205 2843 911 2928; baseline 0.001 -23"><span class='ocrx_word' id='word_1_168' title='bbox 205 2843 284 2923; x_wconf 83' lang='lat' dir='ltr'><strong>Quae</strong></span> <span class='ocrx_word' id='word_1_169' title='bbox 297 2844 414 2906; x_wconf 88' lang='lat' dir='ltr'><strong>dederis</strong></span> <span class='ocrx_word' id='word_1_170' title='bbox 424 2844 546 2927; x_wconf 82' lang='lat' dir='ltr'><strong>populis</strong></span> <span class='ocrx_word' id='word_1_171' title='bbox 559 2845 642 2928; x_wconf 74' lang='lat' dir='ltr'><strong>signa</strong></span> <span class='ocrx_word' id='word_1_172' title='bbox 653 2846 784 2906; x_wconf 87' lang='lat' dir='ltr'><strong>verenda</strong></span> <span class='ocrx_word' id='word_1_173' title='bbox 796 2843 911 2923; x_wconf 80' lang='lat' dir='ltr'><strong>loquar.</strong></span> 
     </span>
     <span class='ocr_line' id='line_1_29' title="bbox 163 2935 979 3019; baseline -0.005 -16"><span class='ocrx_word' id='word_1_174' title='bbox 163 2935 244 3003; x_wconf 78' lang='lat' dir='ltr'><strong>(lum</strong></span> <span class='ocrx_word' id='word_1_175' title='bbox 255 2937 307 3019; x_wconf 88' lang='lat' dir='ltr'><strong>pia</strong></span> <span class='ocrx_word' id='word_1_176' title='bbox 317 2938 487 3019; x_wconf 88' lang='lat' dir='ltr'><strong>composito</strong></span> <span class='ocrx_word' id='word_1_177' title='bbox 499 2939 679 3000; x_wconf 84' lang='lat' dir='ltr'><strong>veherentur</strong></span> <span class='ocrx_word' id='word_1_178' title='bbox 692 2938 831 2999; x_wconf 85' lang='lat' dir='ltr'><strong>membra</strong></span> <span class='ocrx_word' id='word_1_179' title='bbox 844 2937 979 3015; x_wconf 83' lang='lat' dir='ltr'><strong>feretro,</strong></span> 
     </span>
     <span class='ocr_line' id='line_1_30' title="bbox 207 3029 856 3096; baseline -0.003 -3"><span class='ocrx_word' id='word_1_180' title='bbox 207 3029 399 3096; x_wconf 79' lang='lat' dir='ltr'><strong>Subtrsctum</strong></span> <span class='ocrx_word' id='word_1_181' title='bbox 411 3031 521 3094; x_wconf 89' lang='lat' dir='ltr'><strong>meruit</strong></span> <span class='ocrx_word' id='word_1_182' title='bbox 533 3053 626 3095; x_wconf 75' lang='lat' dir='ltr'><strong>cecus</strong></span> <span class='ocrx_word' id='word_1_183' title='bbox 640 3032 751 3092; x_wconf 87' lang='lat' dir='ltr'><strong>babere</strong></span> <span class='ocrx_word' id='word_1_184' title='bbox 765 3031 856 3091; x_wconf 89' lang='lat' dir='ltr'><strong>diem.</strong></span> 
     </span>
    </p>
   </div>
   <div class='ocr_carea' id='block_1_3' title="bbox 167 3124 887 3211">
    <p class='ocr_par' dir='ltr' id='par_1_3' title="bbox 167 3124 887 3211">
     <span class='ocr_line' id='line_1_31' title="bbox 167 3124 887 3211; baseline -0.003 -23"><span class='ocrx_word' id='word_1_185' title='bbox 167 3126 280 3190; x_wconf 81' lang='lat' dir='ltr'><strong>Anxius</strong></span> <span class='ocrx_word' id='word_1_186' title='bbox 293 3126 344 3190; x_wconf 90' lang='lat' dir='ltr'><strong>ille</strong></span> <span class='ocrx_word' id='word_1_187' title='bbox 358 3146 441 3190; x_wconf 84' lang='lat' dir='ltr'><strong>sacra</strong></span> <span class='ocrx_word' id='word_1_188' title='bbox 452 3125 555 3188; x_wconf 87' lang='lat' dir='ltr'><strong>lumen</strong></span> <span class='ocrx_word' id='word_1_189' title='bbox 567 3126 697 3211; x_wconf 86' lang='lat' dir='ltr'><strong>suscepit</strong></span> <span class='ocrx_word' id='word_1_190' title='bbox 707 3125 745 3190; x_wconf 87' lang='lat' dir='ltr'><strong>ab</strong></span> <span class='ocrx_word' id='word_1_191' title='bbox 758 3124 887 3202; x_wconf 85' lang='lat' dir='ltr'><strong>umbra,</strong></span> 
     </span>
    </p>
   </div>
   <div class='ocr_carea' id='block_1_4' title="bbox 0 0 1133 3838">
    <p class='ocr_par' dir='ltr' id='par_1_4' title="bbox 0 0 1133 3838">
     <span class='ocr_line' id='line_1_32' title="bbox 0 0 1133 3838; baseline 0 0"><span class='ocrx_word' id='word_1_192' title='bbox 0 0 1133 3838; x_wconf 95' lang='lat' dir='ltr'><strong> </strong></span> 
     </span>
    </p>
   </div>
  </div>
 </body>
</html>
