2218 3862
134 299 196 386 ²9⁸
398 312 433 369 v.
449 315 484 367 rr.
501 314 750 368 rosunum
774 321 776 326 ·

219 401 310 467 Clara
323 404 405 483 quud
415 403 534 483 scripsit
546 403 667 487 cythara
678 405 804 466 terendo

341 494 452 557 Lesbia
465 496 557 578 virgo.

219 587 304 653 Scire
315 590 367 669 qui
380 589 440 650 rull
452 589 532 663 baee,
548 587 677 672 Libycas
689 606 816 663 arenas,v

216 683 298 744 Aule
309 703 365 764 per
378 681 459 742 littus
472 701 632 742 numerere
644 682 763 754 tendat,

222 773 339 840 Cuncta
352 795 443 854 quem
455 775 544 836 metri
558 774 673 834 ratione
687 786 774 836 cauta

344 865 489 930 Carmina
501 868 607 950 cinget.

220 960 304 1023 Nam
317 981 417 1022 mures
427 961 485 1023 leci
497 972 663 1020 remoratus
675 959 759 1039 ipse,

219 1053 360 1117 Pluribus
371 1055 465 1117 causis
478 1054 572 1113 modu
585 1052 654 1113 biue
668 1064 698 1113 el
711 1053 804 1131 iude,¹

222 1147 292 1212 Nee
305 1166 411 1210 vacans
422 1145 481 1228 legi
494 1145 612 1227 placida
624 1144 723 1225 quiete

342 1238 442 1300 Dulce
456 1237 609 1319 sophistae.

221 1329 306 1396 Scito
320 1353 391 1394 uem
403 1343 522 1413 paster,
536 1350 594 1392 nec
607 1329 704 1392 adbuc
716 1330 855 1406 cucurri,

224 1422 378 1487 Ordinem
389 1437 488 1486 totum
498 1422 633 1506 relegens
644 1422 757 1500 libelli,

222 1515 285 1580 Sed
296 1517 367 1580 setis
379 1518 468 1580 erede
478 1559 488 1592 ‚
499 1515 570 1577 satis
583 1528 628 1578 est
638 1514 750 1577 amautl

347 1607 420 1671 Sole
430 1609 577 1672 voluutas

221 1701 305 1786 Ergo
316 1702 425 1763 laxatus
437 1700 529 1764 celeri
543 1699 660 1776 volatu,

221 1794 272 1857 Ad
284 1807 402 1876 petrem
413 1813 531 1856 sacrum
543 1794 705 1856 comitante
715 1805 804 1870 voto,

222 1884 264 1948 Et
276 1888 301 1948 si
313 1907 394 1948 nuuc
407 1899 543 1947 nostrum
557 1904 682 1948 renerus
694 1902 850 1963 auroremff

347 1975 443 2061 Perge
457 1977 571 2039 libelle.

224 2070 320 2154 Forte
332 2091 396 2132 non
408 2091 531 2153 possum
543 2069 629 2153 piger
641 2069 687 2131 ire
699 2086 820 2154 gressuj

227 2159 303 2242 Quo
314 2175 400 2226 vocat
409 2162 536 2223 blandus
547 2181 633 2222 meus
645 2161 698 2223 ille
710 2161 826 2239 vultus,

224 2255 362 2319 luvicem
374 2267 509 2317 nestrum
520 2274 595 2337 rogo
608 2266 639 2316 te
652 2254 774 2330 libelle,

350 2346 457 2410 Redde
470 2345 607 2408 salutem.

228 2438 276 2501 Sit
285 2459 406 2503 memor
421 2438 465 2500 fili
475 2451 563 2521 peter
575 2457 629 2500 ore
642 2438 742 2515 dulci,

200 2569 207 2580 ·
227 2525 321 2596 Hunc
334 2551 459 2615 precans
471 2531 524 2612 qui
536 2551 610 2608 nos,
625 2549 727 2606 mare,
739 2542 770 2594 et
782 2529 962 2611 astriferis,

225 2624 274 2688 Ae
284 2625 344 2707 piis
356 2627 435 2688 velis
445 2625 525 2686 bene
535 2643 567 2686 se
581 2623 732 2687 colentem

351 2714 481 2779 Pectore
493 2727 601 2779 servet.

230 2807 368 2872 Feminae
380 2828 457 2872 caree
468 2809 526 2872 sibi
538 2820 640 2872 mente
651 2829 751 2886 nexae,

228 2901 333 2984 Quem
345 2903 448 2966 colunt
458 2904 575 2988 Agnes,
590 2901 788 2987 Redegundes
800 2903 902 2982 idem,

231 2994 314 3062 Sicut
327 3010 491 3079 exposcunt
503 2997 568 3062 rice
581 2995 731 3077 filiarum,

354 3088 446 3156 Solve
459 3089 593 3156 salutem.
