2222 3852
1 2705 5 2834 t

138 371 198 438 ยน90
389 363 425 418 v.
449 363 483 417 n.
508 365 762 421 rourunarr

176 457 246 519 Nos
257 456 410 520 lavacrum
423 457 570 539 petimus,
583 459 621 520 sit
634 459 689 520 tibi
701 457 916 540 praestolatus.

134 551 292 615 Sensimus
305 565 427 634 aspectu
440 553 522 631 quod
533 552 634 613 aiebas
646 553 704 614 rite
716 556 891 634 precando,

178 643 273 726 Quod
284 646 443 708 bominem
457 667 514 726 per
524 659 554 708 te
567 666 623 707 nos
635 644 723 707 Deus
732 647 798 728 ipse
808 659 924 709 monet.

133 739 218 803 Hinc
231 741 322 801 trabit
333 741 370 801 ad
380 740 481 803 lucem
491 761 566 822 quos
582 752 693 802 texerat
704 742 813 803 umbra
823 755 992 827 negantes,
1105 779 1106 782 ฮบ

175 830 356 915 Militiaeque
370 855 457 896 norae
468 854 527 895 nox
540 834 677 916 aperibat
688 835 757 896 iter.

134 926 266 1012 Agmina
277 928 461 990 conveniunt
474 928 627 1009 quondam
641 929 757 990 diversa
769 930 824 992 sub
837 950 959 1010 unum,

177 1020 319 1084 Partibus
335 1034 364 1082 et
376 1021 505 1105 geminis
516 1021 550 1080 tit
562 1019 649 1083 Deus
661 1043 737 1084 unus
750 1043 845 1085 amur.

137 1115 223 1179 Hinc
236 1115 330 1177 oleari
342 1115 445 1177 ovium
455 1113 648 1196 perfunditur
658 1116 789 1199 tmguine
801 1117 914 1196 vellus,

176 1210 371 1293 Aspersuque
384 1229 469 1272 sacro
483 1209 515 1270 fit
524 1209 620 1292 gregis
633 1208 711 1271 alter
721 1212 808 1272 odor.

135 1301 218 1367 Ecce
231 1303 294 1366 dies
306 1305 409 1365 aderat
418 1322 476 1383 qua
488 1303 610 1384 spiritns
621 1302 718 1366 almus
730 1304 768 1365 ab
782 1305 844 1367 altu

179 1395 309 1474 Missus,
324 1397 496 1480 apostolicis
506 1395 589 1458 duxit
601 1397 633 1458 iu
645 1418 699 1461 ura
711 1400 793 1462 viris.

139 1489 203 1555 lies
217 1512 301 1554 sacra
314 1490 476 1566 ruricolas,
490 1491 623 1554 urbanos
636 1493 741 1556 excitat
753 1513 878 1574 omnes,

183 1584 392 1666 Certatimque
403 1586 499 1647 aditus
511 1586 550 1646 ad
562 1586 615 1668 pia
626 1586 700 1650 festa
712 1581 823 1650 terunt,

139 1679 282 1744 abluitur
296 1679 320 1740 J
321 1681 422 1742 udaeus
435 1681 513 1742 odor
524 1679 704 1765 baptismate
717 1683 807 1759 diro,

180 1772 223 1834 Et
235 1791 313 1835 nova
326 1771 486 1856 progenies
498 1773 615 1836 reddita
625 1775 718 1860 surgit
732 1777 825 1858 aquis.

137 1867 273 1931 Vincens
284 1867 452 1929 ambrosios
465 1870 546 1931 suavi
560 1870 725 1956 spiramine
738 1890 840 1950 rores,

182 1961 307 2028 Vertite
319 1963 440 2046 perfuso
454 1965 621 2027 chrismatis
634 1965 716 2028 efflat
732 1969 820 2029 odor.

141 2058 262 2143 Ingenti
273 2079 401 2122 numero
414 2059 582 2123 celebratur
595 2058 712 2125 Pascha
722 2061 899 2142 novellum,

181 2154 230 2217 Ac
243 2157 280 2217 de
292 2156 386 2236 stirpe
399 2154 464 2237 lupi
477 2169 716 2239 progenerantur
728 2177 809 2219 oves.

139 2245 269 2333 Excepit
281 2249 412 2333 populus
427 2247 595 2332 populum,
609 2250 696 2332 plebs
710 2252 804 2314 altera
815 2251 964 2334 plebem,

186 2343 335 2407 Germine
347 2345 398 2425 qui
411 2364 473 2406 non
488 2356 549 2420 est,
567 2345 600 2405 fit
612 2343 670 2406 sibi
684 2345 768 2407 sonte
782 2366 902 2428 parens.

142 2437 291 2521 Undique
304 2452 389 2521 rapta
401 2459 493 2500 manu
506 2436 555 2499 lux
567 2457 655 2500 cerea
669 2453 816 2521 provocat
828 2452 924 2519 astra,

187 2532 302 2597 Credas
314 2547 347 2596 ut
359 2534 458 2596 stellas
471 2533 515 2594 ire
528 2533 675 2594 trahendo
689 2552 802 2597 comas.

142 2627 271 2693 Lacteus
282 2629 354 2691 bine
366 2629 456 2690 vestis
468 2627 554 2690 color
568 2639 629 2702 est,
644 2627 716 2690 bine
728 2627 868 2711 lampade
881 2626 1003 2714 fulgor,

186 2721 335 2798 Ducitur,
348 2734 377 2783 et
389 2722 471 2784 vario
485 2721 599 2785 lumine
613 2721 695 2802 pieta
708 2720 782 2783 dies.

144 2814 215 2878 Nec
227 2816 330 2876 festiva
342 2815 441 2878 minus
452 2835 542 2896 quam
553 2827 624 2877 tunc
638 2815 694 2876 suit
707 2815 760 2876 illa
771 2834 951 2895 coruscans,

187 2907 324 2972 Diversis
337 2910 445 2995 linguis
459 2931 524 2990 quae
537 2910 619 2970 dedit
629 2928 689 2970 una
702 2909 799 2989 loqui.

143 3001 223 3084 Quis
236 3025 308 3090 rugo
322 3004 474 3088 pontificis
487 3003 543 3064 suit
553 3001 618 3066 illic
628 3023 730 3065 sensus
743 3003 846 3080 Aviti,

189 3098 295 3178 Quam
306 3099 421 3161 validus
433 3098 550 3173 servor,
565 3118 635 3160 cum
649 3099 733 3159 daret
746 3098 802 3159 ista
815 3097 904 3160 Deo!

145 3189 230 3256 luter
240 3193 435 3258 candelabros
447 3190 581 3258 radiabat
594 3191 699 3278 etipse
712 3193 875 3272 sacerdos,
