<?xml version="1.0" encoding="UTF-8"?>
<!DOCTYPE html PUBLIC "-//W3C//DTD XHTML 1.0 Transitional//EN"
    "http://www.w3.org/TR/xhtml1/DTD/xhtml1-transitional.dtd">
<html xmlns="http://www.w3.org/1999/xhtml" xml:lang="en" lang="en">
 <head>
  <title>
</title>
<meta http-equiv="Content-Type" content="text/html;charset=utf-8" />
  <meta name='ocr-system' content='tesseract 3.04.00' />
  <meta name='ocr-capabilities' content='ocr_page ocr_carea ocr_par ocr_line ocrx_word'/>
</head>
<body>
  <div class='ocr_page' id='page_1' title='image "./venantiihonorii00unkngoog_0255.png"; bbox 0 0 2222 3852; ppageno 0'>
   <div class='ocr_carea' id='block_1_1' title="bbox 223 353 907 438">
    <p class='ocr_par' dir='ltr' id='par_1_1' title="bbox 223 353 907 438">
     <span class='ocr_line' id='line_1_1' title="bbox 223 353 907 438; baseline 0.009 -31"><span class='ocrx_word' id='word_1_1' title='bbox 223 354 471 410; x_wconf 71' lang='lat' dir='ltr'>nonnarum</span> <span class='ocrx_word' id='word_1_2' title='bbox 499 358 631 414; x_wconf 79' lang='lat' dir='ltr'>trusa</span> <span class='ocrx_word' id='word_1_3' title='bbox 654 360 708 416; x_wconf 81' lang='lat' dir='ltr'>vr.</span> <span class='ocrx_word' id='word_1_4' title='bbox 847 353 907 438; x_wconf 79' lang='lat'>239</span> 
     </span>
    </p>
   </div>
   <div class='ocr_carea' id='block_1_2' title="bbox 24 449 825 1001">
    <p class='ocr_par' dir='ltr' id='par_1_2' title="bbox 24 449 758 629">
     <span class='ocr_line' id='line_1_2' title="bbox 24 449 758 540; baseline 0.007 -27"><span class='ocrx_word' id='word_1_5' title='bbox 24 449 115 532; x_wconf 88' lang='lat' dir='ltr'>Quos</span> <span class='ocrx_word' id='word_1_6' title='bbox 128 450 216 512; x_wconf 86' lang='lat' dir='ltr'>satias</span> <span class='ocrx_word' id='word_1_7' title='bbox 226 451 318 526; x_wconf 86' lang='lat' dir='ltr'>escis,</span> <span class='ocrx_word' id='word_1_8' title='bbox 334 451 430 514; x_wconf 86' lang='lat' dir='ltr'>reficis</span> <span class='ocrx_word' id='word_1_9' title='bbox 442 472 584 515; x_wconf 83' lang='lat' dir='ltr'>sermone</span> <span class='ocrx_word' id='word_1_10' title='bbox 597 454 758 540; x_wconf 84' lang='lat' dir='ltr'>benignus,</span> 
     </span>
     <span class='ocr_line' id='line_1_3' title="bbox 66 544 708 629; baseline 0.005 -23"><span class='ocrx_word' id='word_1_11' title='bbox 66 544 216 628; x_wconf 72' lang='lat' dir='ltr'>sepositis</span> <span class='ocrx_word' id='word_1_12' title='bbox 228 545 325 627; x_wconf 87' lang='lat' dir='ltr'>epulis</span> <span class='ocrx_word' id='word_1_13' title='bbox 337 557 405 606; x_wconf 87' lang='lat' dir='ltr'>sunt</span> <span class='ocrx_word' id='word_1_14' title='bbox 416 558 465 607; x_wconf 88' lang='lat' dir='ltr'>tua</span> <span class='ocrx_word' id='word_1_15' title='bbox 477 548 569 610; x_wconf 83' lang='lat' dir='ltr'>verba</span> <span class='ocrx_word' id='word_1_16' title='bbox 582 549 683 629; x_wconf 88' lang='lat' dir='ltr'>dapes.</span> <span class='ocrx_word' id='word_1_17' title='bbox 705 563 708 569; x_wconf 84' lang='lat'>&#39;</span> 
     </span>
    </p>

    <p class='ocr_par' dir='ltr' id='par_1_3' title="bbox 24 637 825 813">
     <span class='ocr_line' id='line_1_4' title="bbox 24 637 825 726; baseline 0.009 -26"><span class='ocrx_word' id='word_1_18' title='bbox 24 637 105 720; x_wconf 86' lang='lat' dir='ltr'>Quis</span> <span class='ocrx_word' id='word_1_19' title='bbox 118 638 174 700; x_wconf 88' lang='lat' dir='ltr'>tibi</span> <span class='ocrx_word' id='word_1_20' title='bbox 188 639 277 722; x_wconf 89' lang='lat' dir='ltr'>digna</span> <span class='ocrx_word' id='word_1_21' title='bbox 287 637 371 718; x_wconf 89' lang='lat' dir='ltr'>loqui</span> <span class='ocrx_word' id='word_1_22' title='bbox 384 638 496 714; x_wconf 87' lang='lat' dir='ltr'>valeat,</span> <span class='ocrx_word' id='word_1_23' title='bbox 511 660 601 720; x_wconf 85' lang='lat' dir='ltr'>qnam</span> <span class='ocrx_word' id='word_1_24' title='bbox 614 662 688 704; x_wconf 86' lang='lat' dir='ltr'>voce</span> <span class='ocrx_word' id='word_1_25' title='bbox 703 655 825 726; x_wconf 85' lang='lat' dir='ltr'>potente</span> 
     </span>
     <span class='ocr_line' id='line_1_5' title="bbox 65 731 712 813; baseline 0.005 -21"><span class='ocrx_word' id='word_1_26' title='bbox 65 731 132 793; x_wconf 86' lang='lat' dir='ltr'>Rex</span> <span class='ocrx_word' id='word_1_27' title='bbox 143 732 213 812; x_wconf 88' lang='lat' dir='ltr'>pius</span> <span class='ocrx_word' id='word_1_28' title='bbox 227 744 365 792; x_wconf 85' lang='lat' dir='ltr'>ornatum</span> <span class='ocrx_word' id='word_1_29' title='bbox 376 733 517 813; x_wconf 80' lang='lat' dir='ltr'>praedicat</span> <span class='ocrx_word' id='word_1_30' title='bbox 530 753 593 794; x_wconf 88' lang='lat' dir='ltr'>esse</span> <span class='ocrx_word' id='word_1_31' title='bbox 607 737 712 796; x_wconf 79' lang='lat' dir='ltr'>suum?</span> 
     </span>
    </p>

    <p class='ocr_par' dir='ltr' id='par_1_4' title="bbox 27 824 783 1001">
     <span class='ocr_line' id='line_1_6' title="bbox 27 824 783 909; baseline 0.004 -23"><span class='ocrx_word' id='word_1_32' title='bbox 27 825 74 886; x_wconf 86' lang='lat' dir='ltr'>Sit</span> <span class='ocrx_word' id='word_1_33' title='bbox 83 826 140 887; x_wconf 91' lang='lat' dir='ltr'>tibi</span> <span class='ocrx_word' id='word_1_34' title='bbox 152 846 287 887; x_wconf 89' lang='lat' dir='ltr'>summus</span> <span class='ocrx_word' id='word_1_35' title='bbox 296 845 371 907; x_wconf 86' lang='lat' dir='ltr'>apex</span> <span class='ocrx_word' id='word_1_36' title='bbox 383 824 435 887; x_wconf 90' lang='lat' dir='ltr'>illo</span> <span class='ocrx_word' id='word_1_37' title='bbox 448 839 591 909; x_wconf 79' lang='lat' dir='ltr'>regnante</span> <span class='ocrx_word' id='word_1_38' title='bbox 603 848 658 906; x_wconf 92' lang='lat' dir='ltr'>per</span> <span class='ocrx_word' id='word_1_39' title='bbox 668 849 783 906; x_wconf 78' lang='lat' dir='ltr'>aevum,</span> 
     </span>
     <span class='ocr_line' id='line_1_7' title="bbox 68 918 725 1001; baseline 0.003 -21"><span class='ocrx_word' id='word_1_40' title='bbox 68 918 200 999; x_wconf 88' lang='lat' dir='ltr'>Vitaque</span> <span class='ocrx_word' id='word_1_41' title='bbox 210 919 248 980; x_wconf 88' lang='lat' dir='ltr'>sit</span> <span class='ocrx_word' id='word_1_42' title='bbox 260 939 408 996; x_wconf 87' lang='lat' dir='ltr'>praesens,</span> <span class='ocrx_word' id='word_1_43' title='bbox 424 932 513 1001; x_wconf 86' lang='lat' dir='ltr'>atque</span> <span class='ocrx_word' id='word_1_44' title='bbox 525 920 624 981; x_wconf 84' lang='lat' dir='ltr'>lutura</span> <span class='ocrx_word' id='word_1_45' title='bbox 637 919 725 982; x_wconf 84' lang='lat' dir='ltr'>colat.</span> 
     </span>
    </p>
   </div>
   <div class='ocr_carea' id='block_1_3' title="bbox 186 1068 745 1125">
    <p class='ocr_par' dir='ltr' id='par_1_5' title="bbox 186 1068 745 1125">
     <span class='ocr_line' id='line_1_8' title="bbox 186 1068 745 1125; baseline 0 -3"><span class='ocrx_word' id='word_1_46' title='bbox 186 1069 277 1122; x_wconf 79' lang='lat' dir='ltr'>Vlll.</span> <span class='ocrx_word' id='word_1_47' title='bbox 300 1069 362 1120; x_wconf 75' lang='lat' dir='ltr'>An·</span> <span class='ocrx_word' id='word_1_48' title='bbox 378 1068 560 1122; x_wconf 85' lang='lat' dir='ltr'><strong>EUNDEM</strong></span> <span class='ocrx_word' id='word_1_49' title='bbox 584 1071 745 1125; x_wconf 83' lang='lat' dir='ltr'><strong>DUCEM.</strong></span> 
     </span>
    </p>
   </div>
   <div class='ocr_carea' id='block_1_4' title="bbox 34 1171 914 3238">
    <p class='ocr_par' dir='ltr' id='par_1_6' title="bbox 34 1171 717 1366">
     <span class='ocr_line' id='line_1_9' title="bbox 34 1171 717 1274; baseline -0.001 -20"><span class='ocrx_word' id='word_1_50' title='bbox 34 1171 194 1254; x_wconf 74' lang='lat' dir='ltr'>AEsutrun</span> <span class='ocrx_word' id='word_1_51' title='bbox 208 1190 313 1274; x_wconf 86' lang='lat' dir='ltr'>ignitas</span> <span class='ocrx_word' id='word_1_52' title='bbox 326 1211 395 1252; x_wconf 91' lang='lat' dir='ltr'>cum</span> <span class='ocrx_word' id='word_1_53' title='bbox 408 1189 510 1251; x_wconf 85' lang='lat' dir='ltr'>Julius</span> <span class='ocrx_word' id='word_1_54' title='bbox 522 1190 582 1252; x_wconf 90' lang='lat' dir='ltr'>urit</span> <span class='ocrx_word' id='word_1_55' title='bbox 594 1209 717 1267; x_wconf 87' lang='lat' dir='ltr'>arenas,</span> 
     </span>
     <span class='ocr_line' id='line_1_10' title="bbox 72 1283 702 1366; baseline -0.002 -21"><span class='ocrx_word' id='word_1_56' title='bbox 72 1283 218 1365; x_wconf 76' lang='lat' dir='ltr'>Siccaque</span> <span class='ocrx_word' id='word_1_57' title='bbox 230 1283 372 1366; x_wconf 87' lang='lat' dir='ltr'>pulverea</span> <span class='ocrx_word' id='word_1_58' title='bbox 384 1283 519 1366; x_wconf 82' lang='lat' dir='ltr'>margine</span> <span class='ocrx_word' id='word_1_59' title='bbox 531 1295 611 1347; x_wconf 86' lang='lat' dir='ltr'>terra</span> <span class='ocrx_word' id='word_1_60' title='bbox 623 1284 702 1355; x_wconf 61' lang='lat' dir='ltr'>sitin</span> 
     </span>
    </p>

    <p class='ocr_par' dir='ltr' id='par_1_7' title="bbox 34 1377 876 1554">
     <span class='ocr_line' id='line_1_11' title="bbox 34 1377 876 1462; baseline 0.004 -23"><span class='ocrx_word' id='word_1_61' title='bbox 34 1377 215 1462; x_wconf 81' lang='lat' dir='ltr'>Languidior</span> <span class='ocrx_word' id='word_1_62' title='bbox 226 1377 357 1460; x_wconf 84' lang='lat' dir='ltr'>placidas</span> <span class='ocrx_word' id='word_1_63' title='bbox 370 1378 416 1439; x_wconf 82' lang='lat' dir='ltr'>vix</span> <span class='ocrx_word' id='word_1_64' title='bbox 428 1377 588 1458; x_wconf 82' lang='lat' dir='ltr'>pampinus</span> <span class='ocrx_word' id='word_1_65' title='bbox 599 1377 725 1459; x_wconf 81' lang='lat' dir='ltr'>explieat</span> <span class='ocrx_word' id='word_1_66' title='bbox 739 1379 876 1456; x_wconf 81' lang='lat' dir='ltr'>umbras,</span> 
     </span>
     <span class='ocr_line' id='line_1_12' title="bbox 71 1470 832 1554; baseline 0.005 -22"><span class='ocrx_word' id='word_1_67' title='bbox 71 1470 203 1534; x_wconf 84' lang='lat' dir='ltr'>Mollior</span> <span class='ocrx_word' id='word_1_68' title='bbox 214 1484 243 1532; x_wconf 90' lang='lat' dir='ltr'>et</span> <span class='ocrx_word' id='word_1_69' title='bbox 254 1471 371 1554; x_wconf 51' lang='lat' dir='ltr'>paucas</span> <span class='ocrx_word' id='word_1_70' title='bbox 383 1471 531 1533; x_wconf 78' lang='lat' dir='ltr'>contrahit</span> <span class='ocrx_word' id='word_1_71' title='bbox 541 1471 635 1536; x_wconf 83' lang='lat' dir='ltr'>herba</span> <span class='ocrx_word' id='word_1_72' title='bbox 647 1492 760 1535; x_wconf 80' lang='lat' dir='ltr'>comas.</span> <span class='ocrx_word' id='word_1_73' title='bbox 830 1513 832 1518; x_wconf 68' lang='lat'>,</span> 
     </span>
    </p>

    <p class='ocr_par' dir='ltr' id='par_1_8' title="bbox 38 1563 707 1741">
     <span class='ocr_line' id='line_1_13' title="bbox 38 1563 707 1647; baseline 0.001 -21"><span class='ocrx_word' id='word_1_74' title='bbox 38 1563 196 1626; x_wconf 74' lang='lat' dir='ltr'>submissis</span> <span class='ocrx_word' id='word_1_75' title='bbox 207 1563 287 1625; x_wconf 81' lang='lat' dir='ltr'>loliis</span> <span class='ocrx_word' id='word_1_76' title='bbox 302 1563 408 1625; x_wconf 85' lang='lat' dir='ltr'>Phoebi</span> <span class='ocrx_word' id='word_1_77' title='bbox 421 1577 562 1647; x_wconf 89' lang='lat' dir='ltr'>regnante</span> <span class='ocrx_word' id='word_1_78' title='bbox 575 1584 707 1646; x_wconf 82' lang='lat' dir='ltr'>vapore,</span> 
     </span>
     <span class='ocr_line' id='line_1_14' title="bbox 76 1656 676 1741; baseline 0.007 -25"><span class='ocrx_word' id='word_1_79' title='bbox 76 1656 132 1718; x_wconf 86' lang='lat' dir='ltr'>Vix</span> <span class='ocrx_word' id='word_1_80' title='bbox 145 1678 199 1720; x_wconf 85' lang='lat' dir='ltr'>sna</span> <span class='ocrx_word' id='word_1_81' title='bbox 209 1657 341 1720; x_wconf 81' lang='lat' dir='ltr'>defendit</span> <span class='ocrx_word' id='word_1_82' title='bbox 353 1658 461 1741; x_wconf 79' lang='lat' dir='ltr'>frigida</span> <span class='ocrx_word' id='word_1_83' title='bbox 473 1670 551 1721; x_wconf 87' lang='lat' dir='ltr'>tecta</span> <span class='ocrx_word' id='word_1_84' title='bbox 560 1679 676 1724; x_wconf 90' lang='lat' dir='ltr'>nemus.</span> 
     </span>
    </p>

    <p class='ocr_par' dir='ltr' id='par_1_9' title="bbox 37 1749 722 1929">
     <span class='ocr_line' id='line_1_15' title="bbox 37 1749 722 1835; baseline 0.006 -24"><span class='ocrx_word' id='word_1_85' title='bbox 37 1749 147 1814; x_wconf 81' lang='lat' dir='ltr'>Pabula</span> <span class='ocrx_word' id='word_1_86' title='bbox 159 1751 312 1813; x_wconf 81' lang='lat' dir='ltr'>fastidiens</span> <span class='ocrx_word' id='word_1_87' title='bbox 325 1753 398 1835; x_wconf 80' lang='lat' dir='ltr'>fugit</span> <span class='ocrx_word' id='word_1_88' title='bbox 408 1765 480 1814; x_wconf 84' lang='lat' dir='ltr'>aestu</span> <span class='ocrx_word' id='word_1_89' title='bbox 491 1751 600 1814; x_wconf 87' lang='lat' dir='ltr'>bucula</span> <span class='ocrx_word' id='word_1_90' title='bbox 611 1752 722 1830; x_wconf 84' lang='lat' dir='ltr'>saltus,</span> 
     </span>
     <span class='ocr_line' id='line_1_16' title="bbox 72 1843 712 1929; baseline 0.003 -23"><span class='ocrx_word' id='word_1_91' title='bbox 72 1845 144 1928; x_wconf 83' lang='lat' dir='ltr'>lpse</span> <span class='ocrx_word' id='word_1_92' title='bbox 155 1866 212 1908; x_wconf 90' lang='lat' dir='ltr'>nec</span> <span class='ocrx_word' id='word_1_93' title='bbox 223 1843 349 1908; x_wconf 85' lang='lat' dir='ltr'>afflictus</span> <span class='ocrx_word' id='word_1_94' title='bbox 360 1845 495 1929; x_wconf 88' lang='lat' dir='ltr'>gramina</span> <span class='ocrx_word' id='word_1_95' title='bbox 507 1847 597 1908; x_wconf 86' lang='lat' dir='ltr'>sumit</span> <span class='ocrx_word' id='word_1_96' title='bbox 610 1867 712 1927; x_wconf 89' lang='lat' dir='ltr'>equus.</span> 
     </span>
    </p>

    <p class='ocr_par' dir='ltr' id='par_1_10' title="bbox 37 1937 737 2094">
     <span class='ocr_line' id='line_1_17' title="bbox 37 1937 737 2023; baseline -0.003 -21"><span class='ocrx_word' id='word_1_97' title='bbox 37 1938 165 2023; x_wconf 61' lang='lat' dir='ltr'>langius</span> <span class='ocrx_word' id='word_1_98' title='bbox 177 1939 308 2021; x_wconf 85' lang='lat' dir='ltr'>exposita</span> <span class='ocrx_word' id='word_1_99' title='bbox 320 1939 420 2021; x_wconf 87' lang='lat' dir='ltr'>lingua</span> <span class='ocrx_word' id='word_1_100' title='bbox 433 1939 515 2000; x_wconf 87' lang='lat' dir='ltr'>canis</span> <span class='ocrx_word' id='word_1_101' title='bbox 528 1957 581 1999; x_wconf 89' lang='lat' dir='ltr'>ora</span> <span class='ocrx_word' id='word_1_102' title='bbox 593 1937 737 2022; x_wconf 84' lang='lat' dir='ltr'>flagellat,</span> 
     </span>
     <span class='ocr_line' id='line_1_18' title="bbox 73 2031 663 2094; baseline -0.002 -1"><span class='ocrx_word' id='word_1_103' title='bbox 73 2033 130 2094; x_wconf 85' lang='lat' dir='ltr'>llia</span> <span class='ocrx_word' id='word_1_104' title='bbox 139 2031 215 2092; x_wconf 88' lang='lat' dir='ltr'>lassa</span> <span class='ocrx_word' id='word_1_105' title='bbox 227 2031 345 2093; x_wconf 87' lang='lat' dir='ltr'>trahens</span> <span class='ocrx_word' id='word_1_106' title='bbox 356 2031 447 2092; x_wconf 87' lang='lat' dir='ltr'>tristis</span> <span class='ocrx_word' id='word_1_107' title='bbox 459 2031 578 2093; x_wconf 86' lang='lat' dir='ltr'>anhelat</span> <span class='ocrx_word' id='word_1_108' title='bbox 591 2033 663 2094; x_wconf 82' lang='lat' dir='ltr'>ovis.</span> 
     </span>
    </p>

    <p class='ocr_par' dir='ltr' id='par_1_11' title="bbox 39 2124 759 2300">
     <span class='ocr_line' id='line_1_19' title="bbox 39 2124 759 2208; baseline 0 -22"><span class='ocrx_word' id='word_1_109' title='bbox 39 2125 129 2188; x_wconf 80' lang='lat' dir='ltr'>Forte</span> <span class='ocrx_word' id='word_1_110' title='bbox 141 2126 239 2189; x_wconf 84' lang='lat' dir='ltr'>viator</span> <span class='ocrx_word' id='word_1_111' title='bbox 248 2125 306 2186; x_wconf 90' lang='lat' dir='ltr'>iter</span> <span class='ocrx_word' id='word_1_112' title='bbox 317 2125 454 2208; x_wconf 87' lang='lat' dir='ltr'>gradiens</span> <span class='ocrx_word' id='word_1_113' title='bbox 466 2124 650 2186; x_wconf 85' lang='lat' dir='ltr'>serventibus</span> <span class='ocrx_word' id='word_1_114' title='bbox 660 2126 759 2202; x_wconf 85' lang='lat' dir='ltr'>horis,</span> 
     </span>
     <span class='ocr_line' id='line_1_20' title="bbox 74 2217 689 2300; baseline 0 -20"><span class='ocrx_word' id='word_1_115' title='bbox 74 2219 185 2280; x_wconf 90' lang='lat' dir='ltr'>Uritur</span> <span class='ocrx_word' id='word_1_116' title='bbox 199 2218 329 2281; x_wconf 86' lang='lat' dir='ltr'>accensis</span> <span class='ocrx_word' id='word_1_117' title='bbox 338 2217 401 2280; x_wconf 90' lang='lat' dir='ltr'>sole</span> <span class='ocrx_word' id='word_1_118' title='bbox 412 2231 570 2300; x_wconf 83' lang='lat' dir='ltr'>premente</span> <span class='ocrx_word' id='word_1_119' title='bbox 584 2219 689 2281; x_wconf 89' lang='lat' dir='ltr'>comis.</span> 
     </span>
    </p>

    <p class='ocr_par' dir='ltr' id='par_1_12' title="bbox 41 2311 816 2490">
     <span class='ocr_line' id='line_1_21' title="bbox 41 2311 816 2392; baseline -0.003 -18"><span class='ocrx_word' id='word_1_120' title='bbox 41 2311 99 2392; x_wconf 84' lang='lat' dir='ltr'>Qui</span> <span class='ocrx_word' id='word_1_121' title='bbox 111 2325 265 2375; x_wconf 82' lang='lat' dir='ltr'>arescente</span> <span class='ocrx_word' id='word_1_122' title='bbox 276 2312 341 2374; x_wconf 88' lang='lat' dir='ltr'>solo</span> <span class='ocrx_word' id='word_1_123' title='bbox 354 2312 476 2374; x_wconf 90' lang='lat' dir='ltr'>modico</span> <span class='ocrx_word' id='word_1_124' title='bbox 490 2325 641 2374; x_wconf 88' lang='lat' dir='ltr'>recreetur</span> <span class='ocrx_word' id='word_1_125' title='bbox 653 2324 685 2373; x_wconf 93' lang='lat' dir='ltr'>ut</span> <span class='ocrx_word' id='word_1_126' title='bbox 695 2313 816 2390; x_wconf 81' lang='lat' dir='ltr'>haustu,</span> 
     </span>
     <span class='ocr_line' id='line_1_22' title="bbox 78 2404 649 2490; baseline -0.002 -23"><span class='ocrx_word' id='word_1_127' title='bbox 78 2404 196 2488; x_wconf 73' lang='lat' dir='ltr'>Saepius</span> <span class='ocrx_word' id='word_1_128' title='bbox 207 2406 331 2490; x_wconf 86' lang='lat' dir='ltr'>irriguas</span> <span class='ocrx_word' id='word_1_129' title='bbox 341 2406 443 2468; x_wconf 84' lang='lat' dir='ltr'>anxius</span> <span class='ocrx_word' id='word_1_130' title='bbox 455 2417 539 2486; x_wconf 87' lang='lat' dir='ltr'>optat</span> <span class='ocrx_word' id='word_1_131' title='bbox 551 2424 649 2485; x_wconf 88' lang='lat' dir='ltr'>aquas.</span> 
     </span>
    </p>

    <p class='ocr_par' dir='ltr' id='par_1_13' title="bbox 39 2499 797 2676">
     <span class='ocr_line' id='line_1_23' title="bbox 39 2499 797 2574; baseline 0.001 -15"><span class='ocrx_word' id='word_1_132' title='bbox 39 2499 165 2563; x_wconf 80' lang='lat' dir='ltr'>Arboris</span> <span class='ocrx_word' id='word_1_133' title='bbox 173 2511 226 2561; x_wconf 83' lang='lat' dir='ltr'>ant</span> <span class='ocrx_word' id='word_1_134' title='bbox 236 2499 374 2574; x_wconf 74' lang='lat' dir='ltr'>tremulae</span> <span class='ocrx_word' id='word_1_135' title='bbox 383 2499 529 2562; x_wconf 84' lang='lat' dir='ltr'>viridante</span> <span class='ocrx_word' id='word_1_136' title='bbox 542 2500 696 2562; x_wconf 86' lang='lat' dir='ltr'>cacumine</span> <span class='ocrx_word' id='word_1_137' title='bbox 713 2499 797 2574; x_wconf 85' lang='lat' dir='ltr'>suso,</span> 
     </span>
     <span class='ocr_line' id='line_1_24' title="bbox 77 2592 711 2676; baseline -0.002 -22"><span class='ocrx_word' id='word_1_138' title='bbox 77 2592 253 2655; x_wconf 83' lang='lat' dir='ltr'>Frondibus</span> <span class='ocrx_word' id='word_1_139' title='bbox 265 2593 413 2676; x_wconf 87' lang='lat' dir='ltr'>oppositis</span> <span class='ocrx_word' id='word_1_140' title='bbox 424 2605 573 2674; x_wconf 90' lang='lat' dir='ltr'>temperat</span> <span class='ocrx_word' id='word_1_141' title='bbox 586 2614 640 2654; x_wconf 84' lang='lat' dir='ltr'>ora</span> <span class='ocrx_word' id='word_1_142' title='bbox 652 2593 711 2654; x_wconf 89' lang='lat' dir='ltr'>siti.</span> 
     </span>
    </p>

    <p class='ocr_par' dir='ltr' id='par_1_14' title="bbox 41 2682 787 2844">
     <span class='ocr_line' id='line_1_25' title="bbox 41 2682 787 2770; baseline -0.003 -24"><span class='ocrx_word' id='word_1_143' title='bbox 41 2682 244 2770; x_wconf 86' lang='lat' dir='ltr'>Prosperitate</span> <span class='ocrx_word' id='word_1_144' title='bbox 257 2707 334 2750; x_wconf 82' lang='lat' dir='ltr'>nora</span> <span class='ocrx_word' id='word_1_145' title='bbox 346 2686 372 2748; x_wconf 88' lang='lat' dir='ltr'>si</span> <span class='ocrx_word' id='word_1_146' title='bbox 382 2689 444 2770; x_wconf 88' lang='lat' dir='ltr'>jam</span> <span class='ocrx_word' id='word_1_147' title='bbox 457 2705 554 2769; x_wconf 90' lang='lat' dir='ltr'>prope</span> <span class='ocrx_word' id='word_1_148' title='bbox 567 2685 650 2748; x_wconf 90' lang='lat' dir='ltr'>lucus</span> <span class='ocrx_word' id='word_1_149' title='bbox 663 2697 787 2768; x_wconf 87' lang='lat' dir='ltr'>opacet,</span> 
     </span>
     <span class='ocr_line' id='line_1_26' title="bbox 79 2778 652 2844; baseline -0.002 -4"><span class='ocrx_word' id='word_1_150' title='bbox 79 2778 121 2840; x_wconf 83' lang='lat' dir='ltr'>Et</span> <span class='ocrx_word' id='word_1_151' title='bbox 133 2781 223 2842; x_wconf 77' lang='lat' dir='ltr'>vitrei</span> <span class='ocrx_word' id='word_1_152' title='bbox 235 2780 325 2844; x_wconf 82' lang='lat' dir='ltr'>fontis</span> <span class='ocrx_word' id='word_1_153' title='bbox 337 2779 438 2842; x_wconf 86' lang='lat' dir='ltr'>sibilet</span> <span class='ocrx_word' id='word_1_154' title='bbox 449 2780 528 2840; x_wconf 87' lang='lat' dir='ltr'>unda</span> <span class='ocrx_word' id='word_1_155' title='bbox 538 2799 652 2842; x_wconf 85' lang='lat' dir='ltr'>recens.</span> 
     </span>
    </p>

    <p class='ocr_par' dir='ltr' id='par_1_15' title="bbox 43 2869 903 3030">
     <span class='ocr_line' id='line_1_27' title="bbox 43 2869 903 2955; baseline -0.001 -22"><span class='ocrx_word' id='word_1_156' title='bbox 43 2870 113 2935; x_wconf 83' lang='lat' dir='ltr'>Huc</span> <span class='ocrx_word' id='word_1_157' title='bbox 123 2893 291 2955; x_wconf 89' lang='lat' dir='ltr'>properans</span> <span class='ocrx_word' id='word_1_158' title='bbox 304 2872 428 2954; x_wconf 84' lang='lat' dir='ltr'>placidis</span> <span class='ocrx_word' id='word_1_159' title='bbox 441 2873 533 2934; x_wconf 89' lang='lat' dir='ltr'>horno</span> <span class='ocrx_word' id='word_1_160' title='bbox 546 2871 627 2934; x_wconf 84' lang='lat' dir='ltr'>laetus</span> <span class='ocrx_word' id='word_1_161' title='bbox 640 2870 782 2933; x_wconf 85' lang='lat' dir='ltr'>sternitur</span> <span class='ocrx_word' id='word_1_162' title='bbox 793 2869 889 2946; x_wconf 79' lang='lat' dir='ltr'>arvis,</span> <span class='ocrx_word' id='word_1_163' title='bbox 902 2935 903 2940; x_wconf 59' lang='grc'>,</span> 
     </span>
     <span class='ocr_line' id='line_1_28' title="bbox 80 2965 767 3030; baseline -0.004 -4"><span class='ocrx_word' id='word_1_164' title='bbox 80 2965 188 3029; x_wconf 85' lang='lat' dir='ltr'>Volvit</span> <span class='ocrx_word' id='word_1_165' title='bbox 199 2966 231 3027; x_wconf 92' lang='lat' dir='ltr'>in</span> <span class='ocrx_word' id='word_1_166' title='bbox 243 2967 388 3030; x_wconf 87' lang='lat' dir='ltr'>herbosos</span> <span class='ocrx_word' id='word_1_167' title='bbox 399 2979 429 3028; x_wconf 90' lang='lat' dir='ltr'>et</span> <span class='ocrx_word' id='word_1_168' title='bbox 441 2986 493 3028; x_wconf 85' lang='lat' dir='ltr'>sua</span> <span class='ocrx_word' id='word_1_169' title='bbox 504 2965 642 3028; x_wconf 84' lang='lat' dir='ltr'>membra</span> <span class='ocrx_word' id='word_1_170' title='bbox 654 2965 767 3026; x_wconf 85' lang='lat' dir='ltr'>thoros.</span> 
     </span>
    </p>

    <p class='ocr_par' dir='ltr' id='par_1_16' title="bbox 44 3055 914 3238">
     <span class='ocr_line' id='line_1_29' title="bbox 44 3055 794 3145; baseline -0.004 -27"><span class='ocrx_word' id='word_1_171' title='bbox 44 3055 122 3121; x_wconf 82' lang='lat' dir='ltr'>Vota</span> <span class='ocrx_word' id='word_1_172' title='bbox 133 3073 235 3124; x_wconf 85' lang='lat' dir='ltr'>secuta</span> <span class='ocrx_word' id='word_1_173' title='bbox 247 3074 352 3123; x_wconf 86' lang='lat' dir='ltr'>tenens</span> <span class='ocrx_word' id='word_1_174' title='bbox 360 3061 481 3145; x_wconf 88' lang='lat' dir='ltr'>gemino</span> <span class='ocrx_word' id='word_1_175' title='bbox 496 3059 647 3123; x_wconf 79' lang='lat' dir='ltr'>refovetur</span> <span class='ocrx_word' id='word_1_176' title='bbox 658 3076 794 3129; x_wconf 85' lang='lat' dir='ltr'>amoeno,</span> 
     </span>
     <span class='ocr_line' id='line_1_30' title="bbox 83 3141 914 3238; baseline -0.005 -24"><span class='ocrx_word' id='word_1_177' title='bbox 83 3151 489 3233; x_wconf 80' lang='lat' dir='ltr'>Hinclevatumhradiem‚</span> <span class='ocrx_word' id='word_1_178' title='bbox 502 3149 860 3238; x_wconf 84' lang='lat' dir='ltr'>hinclugatundasitim.</span> <span class='ocrx_word' id='word_1_179' title='bbox 911 3141 914 3154; x_wconf 81' lang='lat'><em>&#39;</em></span> 
     </span>
    </p>
   </div>
   <div class='ocr_carea' id='block_1_5' title="bbox 0 0 1131 3852">
    <p class='ocr_par' dir='ltr' id='par_1_17' title="bbox 0 0 1131 3852">
     <span class='ocr_line' id='line_1_31' title="bbox 0 0 1131 3852; baseline 0 0"><span class='ocrx_word' id='word_1_180' title='bbox 0 0 1131 3852; x_wconf 95' lang='lat' dir='ltr'> </span> 
     </span>
    </p>
   </div>
  </div>
 </body>
</html>
