2230 3838
294 351 532 406 POEMATUM
555 353 676 408 LIBER
699 355 719 406 l.
888 357 942 404 tot

71 505 108 560 u
125 505 171 558 on
195 469 363 562 ossium
389 509 418 562 s.
441 510 609 580 urrunnu,
634 512 741 582 ounu
764 512 945 570 unonnus

111 601 139 638 Ill
155 599 242 640 (201.OE
260 602 445 652 AEDIFICAVIT,
459 601 609 644 PLACIDINA
624 605 701 644 VIRO
721 605 893 648 EXORMVIT.

68 706 134 807 Qut
147 730 234 812 cupit
248 741 360 792 aetema
372 730 481 793 sociari
494 731 527 792 in
540 732 611 793 sede
623 731 736 808 beatis,

102 821 166 886 llos
179 825 243 886 sibi
256 826 420 907 participes
432 846 488 907 per
500 827 552 908 pia
564 839 633 887 rota
646 826 726 890 lacit.

61 917 124 980 Nec
136 919 254 1000 patitur
266 919 389 982 differre
402 920 454 981 diu
466 919 548 1002 quod
562 933 684 1002 oportet
696 923 827 1006 agendo,

99 1011 179 1077 Cum
192 1015 279 1076 bona
290 1037 357 1097 quae
368 1015 500 1091 dederit,
515 1015 579 1078 haec
589 1034 641 1076 sua
653 1014 737 1078 lucra
751 1029 846 1098 putet.

62 1105 204 1170 Condidit
218 1131 293 1192 ergo
306 1111 385 1172 arvis
399 1111 524 1172 delubra
537 1109 684 1173 Leontius
696 1111 794 1189 alma,

98 1202 224 1266 Talibus
237 1205 347 1267 officiis
361 1205 451 1266 intret
465 1219 497 1268 ut
509 1205 574 1288 ipse
585 1205 685 1288 polos.

60 1295 183 1360 Martini
195 1299 318 1362 meritis
329 1314 359 1362 et
370 1301 497 1362 nomine
508 1300 583 1362 fulta
595 1314 768 1377 coruscant,

49 1391 53 1398 '
99 1393 203 1474 Quem
218 1407 338 1458 certum
352 1408 396 1457 est
408 1395 496 1457 terris
509 1395 592 1480 signa
605 1396 721 1458 dedisse
734 1395 810 1478 poli.

62 1484 123 1568 Qui
135 1488 232 1572 leprae
246 1490 378 1552 maculas
391 1490 540 1553 medicata
551 1512 607 1572 per
620 1491 721 1567 oscula
732 1508 882 1577 purgansj

98 1579 184 1646 Pacis
197 1585 241 1645 ab
254 1584 394 1666 amplexu
406 1586 547 1647 morbida
559 1586 640 1648 bella
652 1587 729 1649 tulit.

62 1675 133 1742 Haec
145 1693 253 1741 tamen
264 1679 387 1763 ingenio
400 1693 467 1740 sunt
478 1681 622 1744 aedificata
635 1682 753 1763 perito,

100 1772 171 1854 Quo
185 1775 263 1836 nil
248 1776 373 1884 egregiae
386 1774 482 1858 gloria
493 1775 588 1836 laudis
602 1789 676 1858 eget.

63 1866 186 1930 Additur
199 1871 241 1931 ad
252 1871 408 1952 specimen
422 1871 528 1932 locus
519 1893 585 1953 ipse
597 1872 680 1954 quod
692 1871 805 1936 eminet
816 1873 911 1950 arvis,

100 1961 274 2046 Elatoque'
265 1987 334 2048 lugo
349 1965 429 2028 colle
440 1978 575 2027 tumente
587 1979 678 2048 patet.

63 2054 155 2121 Altius
167 2063 279 2121 educto
293 2060 347 2120 sub
361 2081 393 2120 se
404 2072 486 2121 tenet
499 2059 603 2122 omnia
617 2061 728 2138 dorso,

99 2151 139 2213 Et
153 2175 332 2234 quacunque
346 2155 442 2237 petit,
457 2154 600 2217 deliciosa
613 2156 704 2219 videt.

66 2244 187 2333 diunge
199 2250 362 2311 adveniens
375 2248 465 2312 oculo
476 2250 591 2312 vicinus
603 2251 747 2329 habetur,

103 2341 248 2428 Jungitur
258 2355 380 2426 aspectu
393 2344 572 2406 dissociante
586 2344 665 2408 loco.

69 2432 136 2515 Quo
149 2437 244 2500 fessus
256 2439 373 2520 rapitur
385 2438 450 2500 visu
464 2438 607 2501 invitante
620 2440 738 2514 viator,

116 2528 148 2592 Si
158 2534 239 2614 pede
251 2532 395 2610 deluerit,
409 2532 525 2595 lumine
535 2547 646 2596 tractus
659 2535 730 2596 adit.

72 2620 142 2704 Quae
159 2624 316 2689 Placidina
327 2628 418 2690 sacris
430 2629 549 2691 ornarit
562 2628 695 2691 culmina
705 2627 778 2692 velis
787 2643 800 2706 ,’

110 2718 327 2804 Certantesque
340 2723 448 2802 simul,
462 2723 513 2788 hic
525 2723 611 2801 facit,
625 2722 677 2786 illa
689 2724 771 2790 colit.

128 2905 187 2959 vu.
204 2907 242 2960 tu
263 2907 445 2960 HONOREM
466 2905 644 2960 BASILICAE
664 2907 692 2958 S.
713 2903 883 2968 munstur,
945 2897 952 2908 “

71 2991 143 3046 cusu
154 2997 277 3038 ausuros
288 2999 323 3038 nr
331 2998 647 3046 naunnounmsmunrr.
657 2998 715 3038 una
722 2993 948 3039 renovarentur

405 3078 441 3117 ur
458 3076 620 3116 auxnnanr.

74 3175 208 3270 Duotnn
219 3206 361 3272 mortales
372 3208 461 3274 terris
473 3207 550 3272 nihil
563 3229 625 3273 esse
638 3209 720 3294 quod
732 3208 847 3282 obstet,

808 3323 837 3384 9·
925 3381 929 3394 .
