2222 3852
254 359 498 413 POEMATUM
518 359 647 414 LIBER
665 361 751 416 Vlll.
887 354 947 418 285

63 461 190 522 Nomen
203 472 236 521 ut
245 460 305 522 hoc
314 473 448 534 resonet,
462 479 526 520 uon
538 460 665 542 impedit
677 481 748 522 aura
759 479 817 524 nec
829 463 925 542 unda,

106 553 159 617 Sic
170 555 227 615 tibi
237 567 342 618 cuncta
356 554 447 616 simul
459 567 539 615 terra
551 556 599 616 vel
613 569 690 617 astra
703 556 812 618 favent.

63 648 130 710 Rex
138 649 273 711 bonitate
280 648 417 730 placens,
430 650 520 711 decus
529 649 637 726 altum,
651 663 681 711 et
693 651 796 712 nobile
806 672 947 734 germen,

105 742 141 803 lu
155 764 216 824 quo
228 756 274 804 tot
286 763 449 824 procerum
461 743 594 806 culmina
605 744 725 806 culmen
736 745 857 810 babent.
932 753 933 756 ’

63 837 219 900 Auxilium
233 836 356 919 patriae,
370 857 439 918 spes
452 849 481 897 et
494 849 628 899 tutamen
641 839 672 899 in
686 839 794 918 armis,

106 931 184 992 Fida
196 932 255 992 tuis
268 931 375 1005 virtus,
388 931 516 1015 inclytus
529 945 617 1011 atque
630 932 724 1016 vigor.

67 1025 245 1108 Chilperice
258 1038 383 1106 potens,
398 1026 423 1086 si
437 1025 585 1107 interpres
596 1026 740 1088 barbarus
753 1039 846 1107 extet,

104 1121 236 1202 Adjutor
246 1119 332 1180 fortis
344 1119 403 1181 hoc
416 1139 536 1200 quoque
549 1141 664 1182 nomeu
676 1121 778 1184 babes.

63 1213 138 1277 Non
154 1213 254 1273 initio
268 1232 378 1273 vanum
392 1213 435 1274 sic
448 1225 480 1273 te
490 1215 622 1275 vocitare
635 1228 792 1295 parentes,

106 1307 277 1389 Praesagum
290 1306 350 1368 boc
361 1318 459 1366 totum
473 1305 568 1366 laudis
583 1319 614 1366 et
627 1327 718 1367 omen
735 1320 809 1368 erat.

64 1401 137 1463 Jam
148 1415 220 1462 tunc
230 1401 376 1483 judicium
388 1400 562 1482 praebebant
574 1413 715 1482 tempora
728 1415 818 1478 nato,

105 1494 201 1556 Dicta
213 1495 317 1576 priora
329 1507 430 1554 mmen
444 1495 524 1554 dona
538 1507 661 1574 sequuta
675 1495 815 1576 probant.

65 1588 103 1650 In
117 1603 149 1649 te
162 1588 249 1650 dulce
261 1601 351 1669 caput
363 1588 456 1669 patris
470 1588 570 1649 omnis
583 1608 655 1650 cura
664 1589 826 1670 pependit,

107 1681 195 1744 luter
207 1695 252 1742 tot
264 1682 371 1742 iratres
383 1682 426 1743 sic
439 1702 526 1742 amor
539 1703 616 1742 unns
628 1701 703 1742 eras.

65 1776 262 1860 Agnoscebat
275 1775 357 1836 enim
370 1776 471 1856 tejam
484 1775 612 1836 meliora
625 1775 755 1851 mereri,

118 1868 210 1930 Unde
222 1868 317 1951 magis
330 1867 438 1942 coluit,
451 1869 580 1949 praetulit
593 1869 662 1930 inde
675 1883 770 1950 pater.

65 1963 237 2045 Praeposuit
249 1961 383 2044 genitor,
397 1983 468 2024 cum
480 1961 547 2043 plus
559 1963 661 2023 dilexit
674 1963 829 2024 alumnum
841 2006 852 2039 ‚

107 2056 131 2118 J
133 2056 266 2119 odicium
279 2054 355 2136 regis
368 2055 504 2137 frangere
516 2077 608 2117 nemo
620 2051 731 2137 potest.

65 2150 219 2232 Auspiciis
231 2147 346 2231 magnis
359 2148 495 2224 crevisti,
509 2150 638 2211 maxime
648 2150 811 2231 princeps,

108 2244 195 2306 Hinc
207 2245 239 2304 in
253 2263 358 2304 amore
371 2262 495 2303 maneus
508 2243 622 2324 plebis,
639 2256 669 2303 et
682 2243 751 2303 inde
763 2240 869 2322 patris.

67 2337 130 2401 Sed
143 2339 258 2399 meritis
272 2337 360 2398 tantis
371 2337 471 2397 subito
483 2357 548 2398 sors
561 2337 663 2396 invida
675 2356 797 2411 rerum,

108 2431 293 2493 Perturhare
307 2450 415 2511 paraus
427 2449 519 2514 regna
532 2431 633 2510 quieta
644 2429 710 2490 tibi.

45 2596 48 2602 ,
70 2523 257 2592 Concutiens
270 2524 388 2588 animos
399 2523 584 2604 populorum
598 2534 629 2583 et
642 2522 755 2582 loedera
766 2520 910 2598 fratrum,

36 2624 40 2631 '
111 2618 236 2679 Laedere
250 2617 322 2678 dum
335 2616 444 2690 voluit,
460 2616 660 2697 prosperitate
673 2615 760 2677 lavet.

68 2713 213 2794 Denique
226 2713 287 2794 jam
300 2711 391 2792 capiti
404 2709 504 2772 valido
518 2710 669 2791 pendente
682 2708 816 2790 periclo,

114 2805 248 2885 Quando
263 2805 353 2866 scrire
367 2803 487 2879 babuit,
501 2803 635 2885 reppulit
647 2803 721 2864 hora
732 2823 850 2865 necem.

73 2899 156 2965 Cum
168 2900 340 2961 retinereris
350 2898 457 2958 mortis
470 2897 670 2962 circumdatus
683 2897 793 2972 armis,

113 2992 237 3076 Eripuit
248 2993 347 3075 gladio
358 3011 438 3066 sors,
453 3002 597 3072 operante
607 2988 689 3050 Deo.

72 3089 192 3154 Ductus
204 3089 243 3148 ad
256 3100 424 3148 extremum
437 3103 554 3145 remeas
568 3084 605 3143 de
616 3083 721 3142 sunere
732 3081 819 3157 vito,

116 3179 237 3250 Ultima
247 3202 313 3262 quae
324 3181 420 3248 lueret
433 3179 465 3242 fit
476 3177 533 3244 tibi
546 3176 646 3261 prima
657 3175 730 3242 diet.
