2230 3838
266 297 510 356 POEMATUM
532 296 665 352 LIBER
686 297 742 351 tlt.
894 287 950 371 157

63 403 98 468 si
109 417 217 489 poscat
229 424 325 466 novus
337 403 447 483 hospes
460 421 569 481 opem,
582 412 616 461 tu
628 403 757 486 porrigis
771 423 865 483 escas,

104 501 228 564 Invenit
242 511 273 560 ct
284 497 427 580 proprios
440 497 478 556 ad
488 509 538 556 tua
548 507 626 557 tecta
640 494 741 558 Lares.

62 595 151 658 Dum
162 596 253 656 satias
267 592 444 675 querulum,
458 591 551 673 magis
566 589 752 654 obliviscitur
763 594 828 656 illas
910 649 913 657 .

112 689 197 770 Quas
209 689 300 750 habet
313 687 344 747 iu
358 686 461 769 patriis
472 685 581 746 finibus
595 686 660 747 exul
673 707 756 768 opes.

71 783 136 863 Qui
146 806 197 846 sua
211 785 322 844 damna
334 781 443 858 refert,
455 781 581 864 gemitus
591 782 730 843 subducis
743 783 781 845 ab
794 806 867 863 ore,

111 877 232 940 Gaudia
245 877 403 938 restituens
415 876 510 936 tristia
523 889 628 937 cuncta
641 877 730 960 fugas.

65 972 208 1058 Protegis
219 973 292 1035 hinc
305 974 418 1048 nudos,
432 970 517 1032 illinc
529 984 561 1031 tu
574 971 670 1054 pascis
682 988 818 1057 egentes,

107 1067 166 1128 Nil
180 1067 237 1128 tibi
251 1066 348 1128 reddit
360 1067 467 1147 inops,
481 1066 579 1126 reddit
593 1087 696 1128 amore
710 1067 805 1130 Deus.

70 1162 193 1223 Horrea
207 1162 365 1243 praemittis
377 1161 547 1222 melius'tua
561 1163 681 1223 condita
694 1181 828 1238 servans;

113 1256 200 1337 Quas
213 1255 258 1316 sic
271 1255 415 1316 diffundis
429 1257 478 1316 dat
491 1255 645 1338 paradisus
658 1277 740 1337 opes.

70 1348 218 1413 Culmina
229 1349 415 1431 templorum
430 1349 578 1410 renovasti
593 1349 704 1411 Villice
718 1352 830 1412 cultor:

113 1442 198 1505 Cum
210 1444 310 1504 reniet
322 1443 478 1519 domiuus,
491 1455 546 1503 stat
559 1443 646 1504 labor
657 1465 727 1506 ecce
739 1456 814 1508 tuus.

74 1536 284 1602 Commissum
298 1538 385 1598 rideo
397 1558 459 1598 non
472 1538 628 1598 suffodisse
641 1538 804 1617 talentum,

117 1629 176 1692 Sed
191 1633 286 1715 magis
299 1644 435 1713 optatum
448 1631 665 1713 multiplicatur
677 1654 762 1714 opus.

69 1724 207 1809 Longius
217 1739 352 1788 extensos
363 1746 487 1809 peragas
498 1739 560 1786 tam
573 1728 661 1810 digna
673 1750 729 1809 per
742 1749 851 1809 annos,

113 1819 155 1881 Et
168 1835 290 1882 maneat
302 1842 424 1901 semper
436 1842 568 1899 nomeu,
582 1823 703 1905 opime,
716 1837 811 1888 tuum.

168 1979 243 2030 Xll.
268 1980 324 2030 ΑΙ)
351 1979 623 2044 EUNDEM,DE
650 1979 872 2034 CONVIVIO.

72 2080 105 2164 P
107 2119 212 2163 Asson
225 2101 328 2182 opime
342 2102 457 2184 gregis,
473 2101 586 2163 cunctis
599 2114 649 2162 tua
661 2101 771 2182 pabula
782 2113 925 2182 prosunt,

118 2195 185 2276 Qui
197 2195 285 2256 satias
297 2196 429 2270 animas,
443 2196 623 2277 quambene
637 2197 776 2258 membra
788 2197 885 2259 foves!

78 2289 132 2352 sic
143 2290 248 2350 avidos
260 2291 360 2351 reddis
373 2291 513 2353 convivas
525 2304 646 2352 nectare
660 2290 759 2366 lactis,

120 2383 166 2446 Ut
176 2383 300 2447 scutella
313 2383 406 2462 levet,
423 2386 505 2466 quod
515 2385 670 2447 cochleare
684 2385 769 2446 solet.

123 2539 202 2593 xnt.
220 2538 270 2591 ΑΙ)
289 2539 399 2594 lPSUllll
416 2539 634 2608 EPISCOPUM,
652 2540 701 2590 DE
720 2538 848 2590 EADEM
864 2539 920 2591 RE.

77 2653 223 2738 Cultum
236 2675 300 2736 ovis
311 2689 449 2758 repetens
463 2695 480 2736 a
493 2687 522 2736 te
535 2694 587 2735 sua
599 2693 726 2756 pascua,
739 2687 860 2756 pastor,

121 2771 190 2853 Qui
202 2771 285 2833 cibus
298 2791 360 2838 ,esse
374 2770 470 2848 soles,
485 2771 522 2831 da
535 2770 611 2831 mihi
623 2769 709 2851 panis
720 2791 822 2852 opem.

138 2915 226 2968 xlv.
252 2915 306 2964 DE
333 2913 525 2967 PICTURA
547 2912 661 2966 VITIS
683 2913 725 2965 IN
747 2907 904 2964 MENSA.

77 3016 226 3100 Vtrtuus
239 3038 356 3100 intextis
369 3037 430 3098 ales
443 3037 497 3098 sub
511 3035 635 3118 palmite
649 3047 768 3111 vernat,

122 3134 168 3196 Et
182 3133 288 3197 leviter
301 3133 395 3216 pictas
408 3131 504 3214 carpit
518 3131 620 3193 abore
633 3131 734 3212 dapes.

760 3233 797 3307 14
