<?xml version="1.0" encoding="UTF-8"?>
<!DOCTYPE html PUBLIC "-//W3C//DTD XHTML 1.0 Transitional//EN"
    "http://www.w3.org/TR/xhtml1/DTD/xhtml1-transitional.dtd">
<html xmlns="http://www.w3.org/1999/xhtml" xml:lang="en" lang="en">
 <head>
  <title>
</title>
<meta http-equiv="Content-Type" content="text/html;charset=utf-8" />
  <meta name='ocr-system' content='tesseract 3.04.00' />
  <meta name='ocr-capabilities' content='ocr_page ocr_carea ocr_par ocr_line ocrx_word'/>
</head>
<body>
  <div class='ocr_page' id='page_1' title='image "./venantiihonorii00unkngoog_0098.png"; bbox 0 0 2222 3844; ppageno 0'>
   <div class='ocr_carea' id='block_1_1' title="bbox 126 301 912 496">
    <p class='ocr_par' dir='ltr' id='par_1_1' title="bbox 126 301 912 496">
     <span class='ocr_line' id='line_1_1' title="bbox 127 301 760 398; baseline 0.002 -23"><span class='ocrx_word' id='word_1_1' title='bbox 127 301 167 398; x_wconf 65' lang='grc' dir='ltr'>δα</span> <span class='ocrx_word' id='word_1_2' title='bbox 379 321 412 376; x_wconf 84' lang='lat' dir='ltr'>v.</span> <span class='ocrx_word' id='word_1_3' title='bbox 438 321 474 376; x_wconf 88' lang='lat' dir='ltr'>n.</span> <span class='ocrx_word' id='word_1_4' title='bbox 499 320 760 376; x_wconf 77' lang='lat' dir='ltr'>ronruusrr</span> 
     </span>
     <span class='ocr_line' id='line_1_2' title="bbox 126 407 912 496; baseline 0.006 -26"><span class='ocrx_word' id='word_1_5' title='bbox 126 407 196 472; x_wconf 91' lang='lat' dir='ltr'>Nec</span> <span class='ocrx_word' id='word_1_6' title='bbox 209 411 340 492; x_wconf 87' lang='lat' dir='ltr'>potuisse</span> <span class='ocrx_word' id='word_1_7' title='bbox 351 412 484 494; x_wconf 86' lang='lat' dir='ltr'>aliquam</span> <span class='ocrx_word' id='word_1_8' title='bbox 496 412 545 475; x_wconf 85' lang='lat' dir='ltr'>rel</span> <span class='ocrx_word' id='word_1_9' title='bbox 558 413 634 474; x_wconf 86' lang='lat' dir='ltr'>retia</span> <span class='ocrx_word' id='word_1_10' title='bbox 646 415 759 475; x_wconf 54' lang='lat' dir='ltr'>ducere*</span> <span class='ocrx_word' id='word_1_11' title='bbox 767 415 912 496; x_wconf 84' lang='lat' dir='ltr'>praedam.</span> 
     </span>
    </p>
   </div>
   <div class='ocr_carea' id='block_1_2' title="bbox 126 501 999 3225">
    <p class='ocr_par' dir='ltr' id='par_1_2' title="bbox 126 501 985 966">
     <span class='ocr_line' id='line_1_3' title="bbox 128 501 913 590; baseline 0.003 -24"><span class='ocrx_word' id='word_1_12' title='bbox 128 501 189 566; x_wconf 91' lang='lat' dir='ltr'>Cui</span> <span class='ocrx_word' id='word_1_13' title='bbox 201 517 371 568; x_wconf 78' lang='lat' dir='ltr'><strong>constanter</strong></span> <span class='ocrx_word' id='word_1_14' title='bbox 382 508 424 568; x_wconf 92' lang='lat' dir='ltr'>ait</span> <span class='ocrx_word' id='word_1_15' title='bbox 434 506 555 588; x_wconf 90' lang='lat' dir='ltr'>placido</span> <span class='ocrx_word' id='word_1_16' title='bbox 567 507 776 568; x_wconf 76' lang='lat' dir='ltr'>moderamine</span> <span class='ocrx_word' id='word_1_17' title='bbox 788 520 891 590; x_wconf 88' lang='lat' dir='ltr'>pastor</span> <span class='ocrx_word' id='word_1_18' title='bbox 901 528 913 568; x_wconf 67' lang='lat' dir='ltr'><em>z</em></span> 
     </span>
     <span class='ocr_line' id='line_1_4' title="bbox 127 595 953 684; baseline 0.002 -26"><span class='ocrx_word' id='word_1_19' title='bbox 127 595 225 681; x_wconf 81' lang='lat' dir='ltr'>Perge</span> <span class='ocrx_word' id='word_1_20' title='bbox 236 602 329 661; x_wconf 92' lang='lat' dir='ltr'>modo</span> <span class='ocrx_word' id='word_1_21' title='bbox 343 602 380 661; x_wconf 92' lang='lat' dir='ltr'>ad</span> <span class='ocrx_word' id='word_1_22' title='bbox 391 599 532 677; x_wconf 83' lang='lat' dir='ltr'>flurium,</span> <span class='ocrx_word' id='word_1_23' title='bbox 545 601 602 662; x_wconf 90' lang='lat' dir='ltr'>tihi</span> <span class='ocrx_word' id='word_1_24' title='bbox 613 621 670 663; x_wconf 91' lang='lat' dir='ltr'>nec</span> <span class='ocrx_word' id='word_1_25' title='bbox 683 613 806 683; x_wconf 87' lang='lat' dir='ltr'>captura</span> <span class='ocrx_word' id='word_1_26' title='bbox 819 613 953 684; x_wconf 89' lang='lat' dir='ltr'>negatur.</span> 
     </span>
     <span class='ocr_line' id='line_1_5' title="bbox 126 690 985 778; baseline 0.003 -27"><span class='ocrx_word' id='word_1_27' title='bbox 126 690 286 756; x_wconf 85' lang='lat' dir='ltr'>Artificem</span> <span class='ocrx_word' id='word_1_28' title='bbox 299 715 368 776; x_wconf 85' lang='lat' dir='ltr'>spes</span> <span class='ocrx_word' id='word_1_29' title='bbox 380 708 461 758; x_wconf 87' lang='lat' dir='ltr'>certa</span> <span class='ocrx_word' id='word_1_30' title='bbox 475 706 593 771; x_wconf 88' lang='lat' dir='ltr'>movet,</span> <span class='ocrx_word' id='word_1_31' title='bbox 608 695 684 776; x_wconf 88' lang='lat' dir='ltr'>petit</span> <span class='ocrx_word' id='word_1_32' title='bbox 697 696 829 778; x_wconf 82' lang='lat' dir='ltr'>impiger</span> <span class='ocrx_word' id='word_1_33' title='bbox 839 715 985 772; x_wconf 86' lang='lat' dir='ltr'>amnem,</span> 
     </span>
     <span class='ocr_line' id='line_1_6' title="bbox 127 784 964 872; baseline 0.01 -28"><span class='ocrx_word' id='word_1_34' title='bbox 127 784 299 867; x_wconf 82' lang='lat' dir='ltr'>Implentur</span> <span class='ocrx_word' id='word_1_35' title='bbox 311 789 425 870; x_wconf 89' lang='lat' dir='ltr'>pariter</span> <span class='ocrx_word' id='word_1_36' title='bbox 438 789 657 851; x_wconf 90' lang='lat' dir='ltr'>monachorum</span> <span class='ocrx_word' id='word_1_37' title='bbox 668 790 805 852; x_wconf 86' lang='lat' dir='ltr'>examine</span> <span class='ocrx_word' id='word_1_38' title='bbox 818 790 911 872; x_wconf 84' lang='lat' dir='ltr'>ripae,</span> <span class='ocrx_word' id='word_1_39' title='bbox 962 813 964 816; x_wconf 90' lang='lat'>·</span> 
     </span>
     <span class='ocr_line' id='line_1_7' title="bbox 127 877 847 966; baseline 0.008 -28"><span class='ocrx_word' id='word_1_40' title='bbox 127 877 175 939; x_wconf 89' lang='lat' dir='ltr'>Ut</span> <span class='ocrx_word' id='word_1_41' title='bbox 185 901 268 944; x_wconf 87' lang='lat' dir='ltr'>sacra</span> <span class='ocrx_word' id='word_1_42' title='bbox 280 881 406 944; x_wconf 87' lang='lat' dir='ltr'>Martini</span> <span class='ocrx_word' id='word_1_43' title='bbox 418 897 573 966; x_wconf 81' lang='lat' dir='ltr'>sperarent</span> <span class='ocrx_word' id='word_1_44' title='bbox 585 884 664 946; x_wconf 84' lang='lat' dir='ltr'>(licta</span> <span class='ocrx_word' id='word_1_45' title='bbox 675 885 847 966; x_wconf 85' lang='lat' dir='ltr'>prophetae,</span> 
     </span>
    </p>

    <p class='ocr_par' dir='ltr' id='par_1_3' title="bbox 127 973 966 1248">
     <span class='ocr_line' id='line_1_8' title="bbox 130 973 966 1059; baseline 0.006 -24"><span class='ocrx_word' id='word_1_46' title='bbox 130 973 235 1052; x_wconf 85' lang='lat' dir='ltr'>Quem</span> <span class='ocrx_word' id='word_1_47' title='bbox 248 976 360 1039; x_wconf 87' lang='lat' dir='ltr'>scireut</span> <span class='ocrx_word' id='word_1_48' title='bbox 372 997 435 1038; x_wconf 92' lang='lat' dir='ltr'>non</span> <span class='ocrx_word' id='word_1_49' title='bbox 449 997 529 1040; x_wconf 91' lang='lat' dir='ltr'>cassa</span> <span class='ocrx_word' id='word_1_50' title='bbox 542 977 627 1059; x_wconf 93' lang='lat' dir='ltr'>loqui</span> <span class='ocrx_word' id='word_1_51' title='bbox 639 998 737 1058; x_wconf 90' lang='lat' dir='ltr'>neque</span> <span class='ocrx_word' id='word_1_52' title='bbox 750 978 841 1040; x_wconf 89' lang='lat' dir='ltr'>verba</span> <span class='ocrx_word' id='word_1_53' title='bbox 854 975 966 1040; x_wconf 83' lang='lat' dir='ltr'>refelli.</span> 
     </span>
     <span class='ocr_line' id='line_1_9' title="bbox 129 1065 876 1155; baseline 0.004 -27"><span class='ocrx_word' id='word_1_54' title='bbox 129 1065 257 1151; x_wconf 87' lang='lat' dir='ltr'>Projicit</span> <span class='ocrx_word' id='word_1_55' title='bbox 271 1086 302 1132; x_wconf 92' lang='lat' dir='ltr'>nt</span> <span class='ocrx_word' id='word_1_56' title='bbox 314 1070 406 1133; x_wconf 84' lang='lat' dir='ltr'>lluvio</span> <span class='ocrx_word' id='word_1_57' title='bbox 419 1091 533 1133; x_wconf 88' lang='lat' dir='ltr'>cassem</span> <span class='ocrx_word' id='word_1_58' title='bbox 550 1072 588 1132; x_wconf 93' lang='lat' dir='ltr'>de</span> <span class='ocrx_word' id='word_1_59' title='bbox 601 1092 707 1152; x_wconf 64' lang='lat' dir='ltr'>pn&#39;jpe</span> <span class='ocrx_word' id='word_1_60' title='bbox 719 1071 876 1155; x_wconf 86' lang='lat' dir='ltr'>magister,</span> 
     </span>
     <span class='ocr_line' id='line_1_10' title="bbox 127 1159 872 1248; baseline 0.001 -24"><span class='ocrx_word' id='word_1_61' title='bbox 127 1159 268 1226; x_wconf 77' lang='lat' dir='ltr'>Molliter</span> <span class='ocrx_word' id='word_1_62' title='bbox 281 1184 316 1228; x_wconf 86' lang='lat' dir='ltr'>ac</span> <span class='ocrx_word' id='word_1_63' title='bbox 328 1165 425 1227; x_wconf 88' lang='lat' dir='ltr'>vitreo</span> <span class='ocrx_word' id='word_1_64' title='bbox 439 1162 540 1248; x_wconf 84' lang='lat' dir='ltr'>Ligeri</span> <span class='ocrx_word' id='word_1_65' title='bbox 553 1165 643 1225; x_wconf 85' lang='lat' dir='ltr'>trahit</span> <span class='ocrx_word' id='word_1_66' title='bbox 655 1165 781 1225; x_wconf 79' lang='lat' dir='ltr'>humida</span> <span class='ocrx_word' id='word_1_67' title='bbox 792 1163 872 1240; x_wconf 90' lang='lat' dir='ltr'>lina,</span> 
     </span>
    </p>

    <p class='ocr_par' dir='ltr' id='par_1_4' title="bbox 128 1253 935 1437">
     <span class='ocr_line' id='line_1_11' title="bbox 129 1253 935 1343; baseline 0.002 -27"><span class='ocrx_word' id='word_1_68' title='bbox 129 1253 205 1317; x_wconf 84' lang='lat' dir='ltr'>Mox</span> <span class='ocrx_word' id='word_1_69' title='bbox 216 1257 369 1343; x_wconf 87' lang='lat' dir='ltr'>ingentem</span> <span class='ocrx_word' id='word_1_70' title='bbox 383 1279 503 1321; x_wconf 84' lang='lat' dir='ltr'>esocem</span> <span class='ocrx_word' id='word_1_71' title='bbox 517 1259 640 1321; x_wconf 90' lang='lat' dir='ltr'>modico</span> <span class='ocrx_word' id='word_1_72' title='bbox 653 1258 708 1320; x_wconf 87' lang='lat' dir='ltr'>soh</span> <span class='ocrx_word' id='word_1_73' title='bbox 722 1271 789 1320; x_wconf 91' lang='lat' dir='ltr'>rete</span> <span class='ocrx_word' id='word_1_74' title='bbox 798 1269 935 1335; x_wconf 85' lang='lat' dir='ltr'>coercet,</span> 
     </span>
     <span class='ocr_line' id='line_1_12' title="bbox 128 1347 842 1437; baseline 0.008 -28"><span class='ocrx_word' id='word_1_75' title='bbox 128 1347 171 1410; x_wconf 88' lang='lat' dir='ltr'>Et</span> <span class='ocrx_word' id='word_1_76' title='bbox 182 1353 309 1414; x_wconf 81' lang='lat' dir='ltr'>trahitur</span> <span class='ocrx_word' id='word_1_77' title='bbox 320 1365 461 1437; x_wconf 79' lang='lat' dir='ltr'>cognatus</span> <span class='ocrx_word' id='word_1_78' title='bbox 473 1352 556 1433; x_wconf 89' lang='lat' dir='ltr'>aquis</span> <span class='ocrx_word' id='word_1_79' title='bbox 569 1353 607 1412; x_wconf 86' lang='lat' dir='ltr'>ad</span> <span class='ocrx_word' id='word_1_80' title='bbox 617 1351 718 1414; x_wconf 90' lang='lat' dir='ltr'>littora</span> <span class='ocrx_word' id='word_1_81' title='bbox 732 1352 842 1434; x_wconf 83' lang='lat' dir='ltr'>piscis,</span> 
     </span>
    </p>

    <p class='ocr_par' dir='ltr' id='par_1_5' title="bbox 128 1442 821 1529">
     <span class='ocr_line' id='line_1_13' title="bbox 128 1442 821 1529; baseline 0.006 -25"><span class='ocrx_word' id='word_1_82' title='bbox 128 1442 205 1505; x_wconf 89' lang='lat' dir='ltr'>Nou</span> <span class='ocrx_word' id='word_1_83' title='bbox 218 1460 282 1509; x_wconf 88' lang='lat' dir='ltr'>rete</span> <span class='ocrx_word' id='word_1_84' title='bbox 294 1447 415 1510; x_wconf 90' lang='lat' dir='ltr'>artificis</span> <span class='ocrx_word' id='word_1_85' title='bbox 426 1449 479 1509; x_wconf 89' lang='lat' dir='ltr'>sed</span> <span class='ocrx_word' id='word_1_86' title='bbox 493 1445 620 1506; x_wconf 86' lang='lat' dir='ltr'>Martini</span> <span class='ocrx_word' id='word_1_87' title='bbox 632 1466 685 1508; x_wconf 94' lang='lat' dir='ltr'>ore</span> <span class='ocrx_word' id='word_1_88' title='bbox 697 1445 821 1529; x_wconf 86' lang='lat' dir='ltr'>ligatus,</span> 
     </span>
    </p>

    <p class='ocr_par' dir='ltr' id='par_1_6' title="bbox 129 1535 818 1623">
     <span class='ocr_line' id='line_1_14' title="bbox 129 1535 818 1623; baseline 0.003 -25"><span class='ocrx_word' id='word_1_89' title='bbox 129 1535 245 1601; x_wconf 85' lang='lat' dir='ltr'>Usibus</span> <span class='ocrx_word' id='word_1_90' title='bbox 259 1555 288 1606; x_wconf 91' lang='lat' dir='ltr'>et</span> <span class='ocrx_word' id='word_1_91' title='bbox 298 1542 391 1604; x_wconf 85' lang='lat' dir='ltr'>sancti</span> <span class='ocrx_word' id='word_1_92' title='bbox 405 1563 437 1604; x_wconf 90' lang='lat' dir='ltr'>se</span> <span class='ocrx_word' id='word_1_93' title='bbox 450 1541 553 1623; x_wconf 86' lang='lat' dir='ltr'>praeda</span> <span class='ocrx_word' id='word_1_94' title='bbox 564 1540 695 1602; x_wconf 88' lang='lat' dir='ltr'>natatilis</span> <span class='ocrx_word' id='word_1_95' title='bbox 708 1541 818 1617; x_wconf 84' lang='lat' dir='ltr'>offert,</span> 
     </span>
    </p>

    <p class='ocr_par' dir='ltr' id='par_1_7' title="bbox 129 1629 891 1999">
     <span class='ocr_line' id='line_1_15' title="bbox 130 1629 855 1719; baseline 0.006 -26"><span class='ocrx_word' id='word_1_96' title='bbox 130 1629 201 1693; x_wconf 86' lang='lat' dir='ltr'>Tali</span> <span class='ocrx_word' id='word_1_97' title='bbox 213 1647 313 1697; x_wconf 89' lang='lat' dir='ltr'>morte</span> <span class='ocrx_word' id='word_1_98' title='bbox 325 1636 420 1719; x_wconf 86' lang='lat' dir='ltr'>magis</span> <span class='ocrx_word' id='word_1_99' title='bbox 430 1636 499 1698; x_wconf 72' lang='lat' dir='ltr'>ritae</span> <span class='ocrx_word' id='word_1_100' title='bbox 511 1655 569 1717; x_wconf 90' lang='lat' dir='ltr'>pro</span> <span class='ocrx_word' id='word_1_101' title='bbox 582 1655 709 1696; x_wconf 78' lang='lat' dir='ltr'>munere</span> <span class='ocrx_word' id='word_1_102' title='bbox 721 1653 855 1697; x_wconf 76' lang='lat' dir='ltr'>currens.</span> 
     </span>
     <span class='ocr_line' id='line_1_16' title="bbox 129 1725 891 1811; baseline 0.004 -23"><span class='ocrx_word' id='word_1_103' title='bbox 129 1725 247 1788; x_wconf 84' lang='lat' dir='ltr'>Nobile</span> <span class='ocrx_word' id='word_1_104' title='bbox 259 1729 424 1809; x_wconf 83' lang='lat' dir='ltr'>quinetiam</span> <span class='ocrx_word' id='word_1_105' title='bbox 439 1750 473 1790; x_wconf 84' lang='lat' dir='ltr'>ex</span> <span class='ocrx_word' id='word_1_106' title='bbox 484 1728 627 1811; x_wconf 81' lang='lat' dir='ltr'>praesecto</span> <span class='ocrx_word' id='word_1_107' title='bbox 640 1728 788 1790; x_wconf 81' lang='lat' dir='ltr'>Arhorius</span> <span class='ocrx_word' id='word_1_108' title='bbox 802 1730 891 1791; x_wconf 84' lang='lat' dir='ltr'>effert</span> 
     </span>
     <span class='ocr_line' id='line_1_17' title="bbox 131 1817 847 1904; baseline 0.004 -23"><span class='ocrx_word' id='word_1_109' title='bbox 131 1817 275 1904; x_wconf 80' lang='lat' dir='ltr'>Signum,</span> <span class='ocrx_word' id='word_1_110' title='bbox 290 1824 371 1902; x_wconf 86' lang='lat' dir='ltr'>quod</span> <span class='ocrx_word' id='word_1_111' title='bbox 384 1822 458 1883; x_wconf 88' lang='lat' dir='ltr'>vidit</span> <span class='ocrx_word' id='word_1_112' title='bbox 469 1843 501 1884; x_wconf 86' lang='lat' dir='ltr'>se</span> <span class='ocrx_word' id='word_1_113' title='bbox 513 1835 587 1884; x_wconf 92' lang='lat' dir='ltr'>teste</span> <span class='ocrx_word' id='word_1_114' title='bbox 599 1822 695 1885; x_wconf 89' lang='lat' dir='ltr'>fidelis</span> <span class='ocrx_word' id='word_1_115' title='bbox 706 1822 738 1883; x_wconf 93' lang='lat' dir='ltr'>in</span> <span class='ocrx_word' id='word_1_116' title='bbox 751 1823 847 1900; x_wconf 86' lang='lat' dir='ltr'>urhe,</span> 
     </span>
     <span class='ocr_line' id='line_1_18' title="bbox 129 1912 861 1999; baseline 0.004 -25"><span class='ocrx_word' id='word_1_117' title='bbox 129 1912 328 1978; x_wconf 77' lang='lat' dir='ltr'>immaculata</span> <span class='ocrx_word' id='word_1_118' title='bbox 340 1916 412 1978; x_wconf 79' lang='lat' dir='ltr'>Deo</span> <span class='ocrx_word' id='word_1_119' title='bbox 425 1937 495 1980; x_wconf 88' lang='lat' dir='ltr'>cum</span> <span class='ocrx_word' id='word_1_120' title='bbox 509 1918 588 1978; x_wconf 92' lang='lat' dir='ltr'>dona</span> <span class='ocrx_word' id='word_1_121' title='bbox 602 1917 775 1999; x_wconf 89' lang='lat' dir='ltr'>imponeret</span> <span class='ocrx_word' id='word_1_122' title='bbox 785 1937 861 1994; x_wconf 87' lang='lat' dir='ltr'>arae,</span> 
     </span>
    </p>

    <p class='ocr_par' dir='ltr' id='par_1_8' title="bbox 130 2006 905 2846">
     <span class='ocr_line' id='line_1_19' title="bbox 130 2006 851 2092; baseline 0.003 -22"><span class='ocrx_word' id='word_1_123' title='bbox 130 2006 173 2070; x_wconf 88' lang='lat' dir='ltr'>Et</span> <span class='ocrx_word' id='word_1_124' title='bbox 188 2021 274 2092; x_wconf 90' lang='lat' dir='ltr'>pater</span> <span class='ocrx_word' id='word_1_125' title='bbox 285 2011 428 2074; x_wconf 85' lang='lat' dir='ltr'>attonitus</span> <span class='ocrx_word' id='word_1_126' title='bbox 441 2012 616 2075; x_wconf 78' lang='lat' dir='ltr'>ceremonia</span> <span class='ocrx_word' id='word_1_127' title='bbox 627 2012 695 2073; x_wconf 88' lang='lat' dir='ltr'>diva</span> <span class='ocrx_word' id='word_1_128' title='bbox 705 2024 851 2088; x_wconf 83' lang='lat' dir='ltr'>sacraret,</span> 
     </span>
     <span class='ocr_line' id='line_1_20' title="bbox 131 2101 891 2188; baseline 0.005 -25"><span class='ocrx_word' id='word_1_129' title='bbox 131 2101 264 2165; x_wconf 91' lang='lat' dir='ltr'>Munera</span> <span class='ocrx_word' id='word_1_130' title='bbox 274 2105 322 2166; x_wconf 88' lang='lat' dir='ltr'>vel</span> <span class='ocrx_word' id='word_1_131' title='bbox 337 2103 451 2168; x_wconf 79' lang='lat' dir='ltr'>Christi</span> <span class='ocrx_word' id='word_1_132' title='bbox 461 2107 655 2169; x_wconf 83' lang='lat' dir='ltr'>benediceret</span> <span class='ocrx_word' id='word_1_133' title='bbox 667 2126 719 2167; x_wconf 89' lang='lat' dir='ltr'>ore</span> <span class='ocrx_word' id='word_1_134' title='bbox 733 2107 891 2188; x_wconf 72' lang='lat' dir='ltr'>sacerdos,</span> 
     </span>
     <span class='ocr_line' id='line_1_21' title="bbox 131 2195 852 2283; baseline 0.003 -25"><span class='ocrx_word' id='word_1_135' title='bbox 131 2195 280 2283; x_wconf 83' lang='lat' dir='ltr'>imposita</span> <span class='ocrx_word' id='word_1_136' title='bbox 292 2200 378 2262; x_wconf 90' lang='lat' dir='ltr'>altari</span> <span class='ocrx_word' id='word_1_137' title='bbox 391 2215 453 2264; x_wconf 90' lang='lat' dir='ltr'>rata</span> <span class='ocrx_word' id='word_1_138' title='bbox 465 2201 603 2282; x_wconf 88' lang='lat' dir='ltr'>corporis</span> <span class='ocrx_word' id='word_1_139' title='bbox 616 2214 706 2280; x_wconf 86' lang='lat' dir='ltr'>atque</span> <span class='ocrx_word' id='word_1_140' title='bbox 717 2200 852 2276; x_wconf 79' lang='lat' dir='ltr'>cruoris,</span> 
     </span>
     <span class='ocr_line' id='line_1_22' title="bbox 131 2288 873 2376; baseline 0.003 -24"><span class='ocrx_word' id='word_1_141' title='bbox 131 2288 268 2356; x_wconf 89' lang='lat' dir='ltr'>Emicuit</span> <span class='ocrx_word' id='word_1_142' title='bbox 280 2296 379 2357; x_wconf 91' lang='lat' dir='ltr'>subito</span> <span class='ocrx_word' id='word_1_143' title='bbox 391 2317 498 2357; x_wconf 87' lang='lat' dir='ltr'>manus</span> <span class='ocrx_word' id='word_1_144' title='bbox 511 2295 591 2358; x_wconf 90' lang='lat' dir='ltr'>alma</span> <span class='ocrx_word' id='word_1_145' title='bbox 602 2296 711 2357; x_wconf 89' lang='lat' dir='ltr'>decore</span> <span class='ocrx_word' id='word_1_146' title='bbox 723 2294 873 2376; x_wconf 89' lang='lat' dir='ltr'>superbo,</span> 
     </span>
     <span class='ocr_line' id='line_1_23' title="bbox 131 2384 905 2473; baseline 0 -26"><span class='ocrx_word' id='word_1_147' title='bbox 131 2384 295 2450; x_wconf 90' lang='lat' dir='ltr'>Nobilium</span> <span class='ocrx_word' id='word_1_148' title='bbox 310 2390 393 2452; x_wconf 85' lang='lat' dir='ltr'>vario</span> <span class='ocrx_word' id='word_1_149' title='bbox 407 2389 543 2473; x_wconf 90' lang='lat' dir='ltr'>lapidum</span> <span class='ocrx_word' id='word_1_150' title='bbox 556 2388 717 2471; x_wconf 89' lang='lat' dir='ltr'>splendore</span> <span class='ocrx_word' id='word_1_151' title='bbox 731 2407 905 2464; x_wconf 85' lang='lat' dir='ltr'>coruscans,</span> 
     </span>
     <span class='ocr_line' id='line_1_24' title="bbox 131 2477 871 2568; baseline 0.005 -28"><span class='ocrx_word' id='word_1_152' title='bbox 131 2477 279 2562; x_wconf 87' lang='lat' dir='ltr'>Undique</span> <span class='ocrx_word' id='word_1_153' title='bbox 292 2485 354 2545; x_wconf 85' lang='lat' dir='ltr'>visa</span> <span class='ocrx_word' id='word_1_154' title='bbox 366 2497 438 2545; x_wconf 84' lang='lat' dir='ltr'>rotae</span> <span class='ocrx_word' id='word_1_155' title='bbox 450 2505 592 2568; x_wconf 88' lang='lat' dir='ltr'>spargens</span> <span class='ocrx_word' id='word_1_156' title='bbox 604 2482 740 2544; x_wconf 85' lang='lat' dir='ltr'>radiatile</span> <span class='ocrx_word' id='word_1_157' title='bbox 752 2481 871 2557; x_wconf 91' lang='lat' dir='ltr'>lumen,</span> 
     </span>
     <span class='ocr_line' id='line_1_25' title="bbox 132 2571 879 2661; baseline 0.001 -27"><span class='ocrx_word' id='word_1_158' title='bbox 132 2571 264 2638; x_wconf 86' lang='lat' dir='ltr'>Brachia</span> <span class='ocrx_word' id='word_1_159' title='bbox 274 2578 434 2659; x_wconf 88' lang='lat' dir='ltr'>purpureis</span> <span class='ocrx_word' id='word_1_160' title='bbox 447 2578 595 2639; x_wconf 89' lang='lat' dir='ltr'>vibrantia</span> <span class='ocrx_word' id='word_1_161' title='bbox 607 2576 721 2661; x_wconf 83' lang='lat' dir='ltr'>fulgura</span> <span class='ocrx_word' id='word_1_162' title='bbox 733 2576 879 2660; x_wconf 88' lang='lat' dir='ltr'>gemmis,</span> 
     </span>
     <span class='ocr_line' id='line_1_26' title="bbox 133 2666 866 2746; baseline 0.007 -20"><span class='ocrx_word' id='word_1_163' title='bbox 133 2666 254 2731; x_wconf 89' lang='lat' dir='ltr'>Lumen</span> <span class='ocrx_word' id='word_1_164' title='bbox 268 2682 298 2730; x_wconf 91' lang='lat' dir='ltr'>et</span> <span class='ocrx_word' id='word_1_165' title='bbox 310 2672 347 2731; x_wconf 90' lang='lat' dir='ltr'>ad</span> <span class='ocrx_word' id='word_1_166' title='bbox 355 2671 427 2732; x_wconf 88' lang='lat' dir='ltr'>solis</span> <span class='ocrx_word' id='word_1_167' title='bbox 440 2671 559 2732; x_wconf 83' lang='lat' dir='ltr'>radians</span> <span class='ocrx_word' id='word_1_168' title='bbox 569 2671 617 2732; x_wconf 86' lang='lat' dir='ltr'>lnx</span> <span class='ocrx_word' id='word_1_169' title='bbox 628 2670 708 2733; x_wconf 82' lang='lat' dir='ltr'>fulva</span> <span class='ocrx_word' id='word_1_170' title='bbox 720 2670 866 2746; x_wconf 89' lang='lat' dir='ltr'>metallis,</span> 
     </span>
     <span class='ocr_line' id='line_1_27' title="bbox 134 2757 848 2846; baseline 0 -24"><span class='ocrx_word' id='word_1_171' title='bbox 134 2757 267 2823; x_wconf 87' lang='lat' dir='ltr'>Credula</span> <span class='ocrx_word' id='word_1_172' title='bbox 279 2785 338 2843; x_wconf 90' lang='lat' dir='ltr'>quo</span> <span class='ocrx_word' id='word_1_173' title='bbox 350 2763 450 2846; x_wconf 85' lang='lat' dir='ltr'>potius</span> <span class='ocrx_word' id='word_1_174' title='bbox 463 2765 571 2825; x_wconf 81' lang='lat' dir='ltr'>fierent</span> <span class='ocrx_word' id='word_1_175' title='bbox 582 2763 725 2826; x_wconf 92' lang='lat' dir='ltr'>miracula</span> <span class='ocrx_word' id='word_1_176' title='bbox 737 2785 848 2825; x_wconf 87' lang='lat' dir='ltr'>rerum.</span> 
     </span>
    </p>

    <p class='ocr_par' dir='ltr' id='par_1_9' title="bbox 133 2855 999 3132">
     <span class='ocr_line' id='line_1_28' title="bbox 133 2855 888 2942; baseline 0 -26"><span class='ocrx_word' id='word_1_177' title='bbox 133 2855 195 2918; x_wconf 86' lang='lat' dir='ltr'>Vir</span> <span class='ocrx_word' id='word_1_178' title='bbox 204 2858 294 2941; x_wconf 86' lang='lat' dir='ltr'>simul</span> <span class='ocrx_word' id='word_1_179' title='bbox 307 2859 372 2942; x_wconf 91' lang='lat' dir='ltr'>ipse</span> <span class='ocrx_word' id='word_1_180' title='bbox 383 2871 492 2941; x_wconf 87' lang='lat' dir='ltr'>potens</span> <span class='ocrx_word' id='word_1_181' title='bbox 505 2881 536 2921; x_wconf 89' lang='lat' dir='ltr'>se</span> <span class='ocrx_word' id='word_1_182' title='bbox 547 2873 620 2923; x_wconf 91' lang='lat' dir='ltr'>tune</span> <span class='ocrx_word' id='word_1_183' title='bbox 630 2859 780 2921; x_wconf 81' lang='lat' dir='ltr'>Arborins</span> <span class='ocrx_word' id='word_1_184' title='bbox 791 2857 888 2937; x_wconf 89' lang='lat' dir='ltr'>inquit</span> 
     </span>
     <span class='ocr_line' id='line_1_29' title="bbox 135 2949 999 3038; baseline 0.001 -25"><span class='ocrx_word' id='word_1_185' title='bbox 135 2949 338 3015; x_wconf 90' lang='lat' dir='ltr'>Gemmarum</span> <span class='ocrx_word' id='word_1_186' title='bbox 349 2954 484 3038; x_wconf 89' lang='lat' dir='ltr'>gravium</span> <span class='ocrx_word' id='word_1_187' title='bbox 499 2956 697 3036; x_wconf 89' lang='lat' dir='ltr'>crepitantem</span> <span class='ocrx_word' id='word_1_188' title='bbox 711 2954 825 3014; x_wconf 84' lang='lat' dir='ltr'>audisse</span> <span class='ocrx_word' id='word_1_189' title='bbox 838 2951 999 3036; x_wconf 78' lang='lat' dir='ltr'>fragorem.</span> 
     </span>
     <span class='ocr_line' id='line_1_30' title="bbox 136 3043 822 3132; baseline 0.003 -27"><span class='ocrx_word' id='word_1_190' title='bbox 136 3043 188 3108; x_wconf 91' lang='lat' dir='ltr'>Sic</span> <span class='ocrx_word' id='word_1_191' title='bbox 199 3047 370 3132; x_wconf 89' lang='lat' dir='ltr'>geminante</span> <span class='ocrx_word' id='word_1_192' title='bbox 381 3049 438 3110; x_wconf 86' lang='lat' dir='ltr'>fide</span> <span class='ocrx_word' id='word_1_193' title='bbox 451 3049 520 3132; x_wconf 83' lang='lat' dir='ltr'>justi</span> <span class='ocrx_word' id='word_1_194' title='bbox 532 3049 583 3132; x_wconf 90' lang='lat' dir='ltr'>pia</span> <span class='ocrx_word' id='word_1_195' title='bbox 593 3050 711 3110; x_wconf 85' lang='lat' dir='ltr'>dextera</span> <span class='ocrx_word' id='word_1_196' title='bbox 725 3047 822 3121; x_wconf 80' lang='lat' dir='ltr'>fulsit,</span> 
     </span>
    </p>

    <p class='ocr_par' dir='ltr' id='par_1_10' title="bbox 133 3139 911 3225">
     <span class='ocr_line' id='line_1_31' title="bbox 133 3139 911 3225; baseline -0.004 -20"><span class='ocrx_word' id='word_1_197' title='bbox 133 3139 231 3222; x_wconf 89' lang='lat' dir='ltr'>Inque</span> <span class='ocrx_word' id='word_1_198' title='bbox 243 3141 312 3205; x_wconf 91' lang='lat' dir='ltr'>loco</span> <span class='ocrx_word' id='word_1_199' title='bbox 324 3143 450 3206; x_wconf 87' lang='lat' dir='ltr'>manicae</span> <span class='ocrx_word' id='word_1_200' title='bbox 462 3143 568 3207; x_wconf 87' lang='lat' dir='ltr'>micuit</span> <span class='ocrx_word' id='word_1_201' title='bbox 580 3140 719 3204; x_wconf 89' lang='lat' dir='ltr'>translata</span> <span class='ocrx_word' id='word_1_202' title='bbox 731 3140 911 3225; x_wconf 81' lang='lat' dir='ltr'>smaragdus.</span> 
     </span>
    </p>
   </div>
   <div class='ocr_carea' id='block_1_3' title="bbox 0 0 1126 3844">
    <p class='ocr_par' dir='ltr' id='par_1_11' title="bbox 0 0 1126 3844">
     <span class='ocr_line' id='line_1_32' title="bbox 0 0 1126 3844; baseline 0 0"><span class='ocrx_word' id='word_1_203' title='bbox 0 0 1126 3844; x_wconf 95' lang='lat' dir='ltr'> </span> 
     </span>
    </p>
   </div>
  </div>
 </body>
</html>
