2222 3852
263 324 501 379 nonnarum
523 325 649 380 maan
672 327 744 382 vrr.
886 330 947 416 275

106 421 248 485 Proxima
260 424 442 508 martyribus
455 425 580 506 praemia
590 426 674 509 virgo
686 439 777 491 tenet.

66 515 230 600 Splendida
243 520 369 604 sydereo
384 519 567 581 circumdata
578 520 692 582 lumine
704 544 848 609 pergens,

103 610 246 694 Jungitnr
258 611 398 695 angelicis
411 625 489 675 casta
503 613 603 695 puella
616 615 724 678 choris.

63 702 161 787 Fruge
174 705 325 787 pudicitiae
339 705 407 769 coeli
420 707 550 767 dotanda
562 708 693 787 talento,

105 795 233 859 AEterni
245 799 322 882 regis
333 798 449 860 ducitur
463 800 494 860 iu
508 800 665 862 thalamos.

65 889 196 956 Pulchra
209 911 321 954 corona
333 904 422 972 caput
435 893 548 976 triplici
562 893 729 956 diademate
743 895 851 982 cingit,

105 983 147 1044 Et
159 1005 285 1067 gemmae
299 999 441 1046 exornant
454 998 595 1067 pectora,
610 987 705 1064 colla,
723 1010 853 1054 comam.

65 1077 204 1140 ludoitur
216 1078 327 1140 teneris
339 1080 529 1162 superaddita
541 1101 676 1162 purpura
688 1085 853 1163 membris,

105 1170 148 1232 Et
161 1173 291 1234 caudore
304 1172 381 1232 nivis
393 1172 504 1255 fulgida
516 1173 597 1256 palla
607 1175 688 1258 tegit.

67 1264 210 1329 Floribus
222 1268 339 1330 aeternis
353 1269 455 1332 oculos
469 1289 535 1329 rosa
545 1312 554 1344 ,
565 1269 629 1330 lilia
643 1285 784 1350 pascunt,

106 1357 149 1420 Et
162 1354 361 1440 paradisiacus
373 1363 496 1426 naribus
507 1363 598 1424 intrat
610 1364 696 1424 odor.

68 1451 160 1514 Unde
173 1455 265 1536 magis
275 1456 370 1518 dulcis
381 1457 538 1517 hortamur
548 1470 581 1516 ut
593 1457 648 1518 ista
660 1457 810 1536 requiras,

110 1543 189 1626 Quae
202 1548 284 1608 dedit
298 1547 440 1632 Eugeniae
456 1547 593 1612 Christus
606 1562 635 1610 et
647 1549 725 1610 alma
739 1549 848 1614 Teclae.

68 1637 165 1724 Virgo
176 1639 258 1718 Dei,
272 1642 384 1705 lructus
397 1644 481 1719 coeli,
495 1644 621 1706 victoria
636 1644 761 1720 mundi,

108 1733 157 1794 Ut
170 1755 290 1817 semper
303 1758 423 1820 regnes,
437 1739 490 1798 has
503 1751 572 1819 pete
586 1738 663 1821 regis
677 1758 759 1818 opes.

69 1827 147 1889 Sunt
160 1828 203 1890 ibi
216 1829 404 1913 chrysolithis
417 1831 562 1894 fabricata
574 1831 685 1913 palatia
695 1833 839 1914 gemmis,

109 1920 210 2002 Atque
223 1925 428 2007 smaragdineo
440 1927 528 2007 janua
541 1939 627 2007 poste
639 1925 725 1988 viret.

70 2012 192 2075 Limina
203 2017 395 2102 sardonychae
405 2020 518 2080 variato
532 2019 646 2080 lumine
660 2017 786 2097 llorent,

111 2103 153 2171 Et
162 2110 370 2193 hyacynthaeus
383 2112 489 2175 circuit
502 2113 577 2172 ordo
591 2113 724 2173 domum.

71 2202 172 2263 Aurea
184 2215 262 2270 tecta
274 2205 403 2280 micant,
416 2205 503 2288 plebs
515 2226 605 2268 aurea
618 2205 710 2288 fulget
723 2206 754 2266 in
768 2206 850 2283 aula,

113 2295 237 2360 Etcum
250 2318 318 2380 rege
332 2299 384 2379 pio
400 2300 485 2360 turha
498 2319 621 2362 corusca
632 2298 715 2360 nitet.

72 2388 128 2450 llle
141 2390 310 2470 puellarum
322 2392 405 2456 locus
416 2405 476 2467 est,
490 2415 555 2472 quae
566 2392 640 2455 lucis
654 2411 760 2452 amore

116 2482 179 2546 Hic
191 2498 307 2546 servant
318 2486 443 2547 domiuo
457 2505 605 2568 corpore,
621 2499 739 2560 mente,
754 2484 855 2546 fidem.

71 2575 207 2659 Despice
220 2581 300 2658 quod
313 2593 400 2641 terrae
414 2593 473 2655 est,
488 2592 516 2641 et
528 2578 608 2641 clara
619 2579 736 2640 sedebis
747 2580 778 2639 in
791 2580 892 2655 astris,

117 2665 231 2733 Christi
244 2685 276 2732 ut
289 2693 398 2754 sponsa
413 2674 534 2755 placens
550 2693 641 2756 regna
654 2692 783 2753 superna
796 2673 886 2735 colas.

73 2761 211 2827 Praesens
223 2766 282 2827 vita
294 2767 385 2827 nimis
397 2767 520 2851 fugitivo
533 2778 673 2847 tempore
686 2766 812 2842 transit,

115 2856 252 2942 Virginis
264 2859 415 2943 integritas
428 2860 620 2944 glorificanda
634 2871 745 2919 manet.

74 2949 241 3033 Paupertas
253 2967 282 3015 te
294 2974 385 3036 parva
399 2967 480 3038 regat
492 2975 561 3016 cum
575 2953 666 3014 divite
683 2949 826 3027 Christo,

10 3105 11 3120 ,
116 3043 164 3105 Ut
176 3046 276 3109 venias
287 3060 391 3109 nostro
405 3047 499 3108 dulcis
511 3046 631 3107 alomna
645 3046 721 3108 sinu.

10 3131 11 3156 ยน
77 3136 174 3220 Quod
186 3140 279 3221 patris
291 3139 432 3204 auxilium
445 3139 570 3201 domino
585 3139 743 3202 obtentura
755 3136 905 3220 preceris,
