2222 3852
288 323 523 380 poemorum
545 327 676 380 monn
701 328 737 382 v.
776 288 779 296 ¹
893 338 951 377 ιιι

60 416 142 480 Non
153 415 240 479 licuit
252 416 338 477 fundi
350 416 515 501 lacrymas,
528 439 587 480 nec
599 418 637 479 ab
649 438 702 480 ore
713 420 849 499 resorbi,

108 510 236 594 Frigida
247 530 305 572 nec
315 509 421 592 tepido
433 511 547 574 viscera
559 513 643 574 sonte
656 513 733 576 laco.

65 604 209 668 Nutritas
222 602 353 685 pariter,
368 605 481 685 junctas
494 606 666 689 regionibus
680 608 795 688 isdem,

110 697 178 760 Cur
190 699 228 758 ad
242 697 348 758 mortis
360 698 418 760 iter
430 699 537 762 dividis
550 700 608 762 alte
622 701 730 764 dolor?

70 791 182 873 Sitque
198 791 301 853 relicta
312 812 401 854 soror
413 813 481 854 casu
492 792 640 856 laceratur
652 797 818 878 ademptae,

110 885 192 948 llaec
204 898 308 960 vocat,
322 886 374 948 illa
384 889 479 970 jacet,
494 908 552 951 nec
563 890 690 971 repetita
704 893 791 954 redit.

67 983 237 1048 Germanae
247 981 362 1043 validos
377 984 458 1043 audit
470 982 638 1046 Germania
648 983 751 1062 fletus,

111 1078 247 1157 Quaque
260 1076 387 1137 recurrit
398 1076 456 1137 iter
469 1077 629 1156 quaestibus
641 1091 719 1139 astra
731 1079 809 1142 serit.

72 1171 211 1234 Nomine
224 1191 303 1251 scepe
317 1189 427 1232 vocans
438 1182 468 1230 te
483 1169 660 1232 Gelesuinta
671 1192 826 1250 sororem,

114 1264 190 1328 Hoc
202 1265 317 1338 fontes,
330 1262 436 1348 sylvae,
450 1262 594 1340 flumina,
609 1285 678 1325 rura
693 1281 809 1328 sonant.

71 1358 253 1422 Gelesuinta
265 1369 361 1433 taces,
376 1359 526 1439 responde
538 1369 571 1418 ut
584 1370 668 1420 muta
680 1361 797 1436 sorori,

113 1451 315 1533 Respondent
329 1449 460 1532 lapides,
474 1471 580 1527 mons,
594 1473 719 1529 nemus,
730 1456 827 1531 unda,
841 1455 939 1538 polus.

75 1546 172 1608 Anxia
185 1545 348 1607 sollicitans
361 1546 440 1628 ipsas
453 1546 617 1630 interrogat
627 1567 732 1624 auras,

119 1639 182 1702 Sed
192 1642 230 1702 de
245 1639 408 1702 Germanae
422 1653 527 1703 cuneta
539 1640 632 1702 salute
646 1639 743 1702 silent.

74 1734 109 1798 N
111 1736 212 1800 untius
224 1733 274 1798 bic
286 1735 384 1796 subito
398 1732 504 1796 lluvios
516 1735 699 1798 transcendit
711 1747 741 1796 et
753 1733 863 1816 Alpes,

118 1829 323 1910 Moerorisque
334 1827 429 1912 gravis
442 1840 503 1889 tam
516 1828 575 1891 cito
588 1848 688 1910 penna
700 1828 790 1891 volat.

78 1923 261 2008 Optandum
275 1923 387 1999 lucrat,
401 1933 562 2005 postquam
575 1921 643 1984 loca
656 1935 761 1984 cuncta
771 1921 930 2004 replesset,

119 2017 251 2079 'sardius
263 2017 300 2076 ad
314 2029 442 2076 matrem
456 2015 507 2078 bic
519 2015 607 2076 dolor
620 2016 677 2076 iret
685 2016 763 2078 iter:

78 2110 143 2175 Sed
158 2111 242 2192 quod
252 2109 332 2170 lama
344 2108 453 2185 relect,
469 2110 522 2190 qui
534 2109 602 2190 plus
615 2122 712 2185 amat,
728 2122 757 2172 et
769 2113 853 2193 prins
865 2111 962 2185 audit,

117 2206 169 2268 Ac
180 2204 307 2264 dubium
318 2203 413 2264 credit
426 2205 514 2264 dante
526 2204 637 2264 timore
651 2204 751 2265 fidem.

78 2300 156 2363 Mox
170 2299 259 2382 igitur
271 2296 376 2357 matris
387 2297 519 2378 jaculans
531 2297 619 2358 dolor
630 2298 724 2381 attigit
736 2319 840 2374 aures,

120 2392 220 2455 Anxia
231 2391 345 2454 succiso
359 2389 475 2472 poplite
487 2390 570 2472 lapsa
583 2391 651 2450 ruit.

79 2488 194 2551 Audita
207 2486 244 2546 de
257 2496 356 2545 morte
369 2503 428 2545 una
441 2505 524 2545 mors
536 2483 629 2545 altera
641 2483 757 2566 pulsat,

122 2581 166 2642 Et
179 2599 258 2663 pene
271 2577 416 2642 incolumi
430 2598 558 2659 corpore
571 2579 658 2639 funus
669 2590 743 2640 erat.

82 2674 202 2737 Pallida
216 2673 328 2734 suffuso
340 2684 404 2732 tum
418 2671 595 2734 Gelesuinta
608 2674 737 2749 rubore,

125 2767 267 2829 Molliter
279 2766 361 2842 baec,
376 2765 476 2828 anima
488 2766 536 2826 vix
549 2768 712 2843 redeunte,
727 2767 837 2830 refert:

84 2862 207 2928 Siccine
221 2883 271 2922 me
284 2875 388 2922 tenero
404 2874 479 2922 natae
491 2861 611 2924 solabar
622 2882 742 2936 amore,

128 2956 176 3017 Ut
187 2977 256 3018 meu
267 2975 347 3017 nunc
359 2955 475 3038 gravius
487 2955 601 3017 viscera
613 2955 719 3019 vulnus
732 2955 806 3016 alit?

86 3049 120 3114 Si
133 3063 271 3113 nostrum
283 3050 344 3131 jam
358 3048 461 3111 lumen
474 3049 555 3126 obit,
570 3050 594 3111 si
606 3063 674 3112 nata
687 3050 826 3122 recessit,

129 3143 196 3206 llas
214 3145 251 3204 ad
265 3143 338 3222 quid
350 3141 496 3227 lacrymas
509 3144 609 3208 invida
620 3166 669 3206 me
685 3143 795 3210 vocitas
804 3143 816 3204 i’

777 3259 824 3320 10.
