<?xml version="1.0" encoding="UTF-8"?>
<!DOCTYPE html PUBLIC "-//W3C//DTD XHTML 1.0 Transitional//EN"
    "http://www.w3.org/TR/xhtml1/DTD/xhtml1-transitional.dtd">
<html xmlns="http://www.w3.org/1999/xhtml" xml:lang="en" lang="en">
 <head>
  <title>
</title>
<meta http-equiv="Content-Type" content="text/html;charset=utf-8" />
  <meta name='ocr-system' content='tesseract 3.04.00' />
  <meta name='ocr-capabilities' content='ocr_page ocr_carea ocr_par ocr_line ocrx_word'/>
</head>
<body>
  <div class='ocr_page' id='page_1' title='image "./venantiihonorii00unkngoog_0253.png"; bbox 0 0 2222 3852; ppageno 0'>
   <div class='ocr_carea' id='block_1_1' title="bbox 275 351 996 465">
    <p class='ocr_par' dir='ltr' id='par_1_1' title="bbox 275 351 996 465">
     <span class='ocr_line' id='line_1_1' title="bbox 275 351 996 465; baseline 0 -23"><span class='ocrx_word' id='word_1_1' title='bbox 275 386 515 454; x_wconf 69' lang='lat' dir='ltr'><strong>nonnarum</strong></span> <span class='ocrx_word' id='word_1_2' title='bbox 536 390 665 446; x_wconf 77' lang='lat' dir='ltr'><strong>muru</strong></span> <span class='ocrx_word' id='word_1_3' title='bbox 689 394 739 447; x_wconf 83' lang='lat' dir='ltr'><strong>vr.</strong></span> <span class='ocrx_word' id='word_1_4' title='bbox 890 379 950 465; x_wconf 79' lang='lat'><strong>²37</strong></span> <span class='ocrx_word' id='word_1_5' title='bbox 994 351 996 356; x_wconf 34' lang='lat'><strong>¹</strong></span> 
     </span>
    </p>
   </div>
   <div class='ocr_carea' id='block_1_2' title="bbox 66 478 856 754">
    <p class='ocr_par' dir='ltr' id='par_1_2' title="bbox 66 478 856 754">
     <span class='ocr_line' id='line_1_2' title="bbox 67 478 815 565; baseline 0.008 -25"><span class='ocrx_word' id='word_1_6' title='bbox 67 478 134 558; x_wconf 81' lang='lat' dir='ltr'><strong>Qui</strong></span> <span class='ocrx_word' id='word_1_7' title='bbox 146 479 274 563; x_wconf 83' lang='lat' dir='ltr'><strong>geminis</strong></span> <span class='ocrx_word' id='word_1_8' title='bbox 287 481 377 542; x_wconf 91' lang='lat' dir='ltr'><strong>rebus</strong></span> <span class='ocrx_word' id='word_1_9' title='bbox 390 480 483 563; x_wconf 79' lang='lat' dir='ltr'><strong>fulges</strong></span> <span class='ocrx_word' id='word_1_10' title='bbox 494 481 526 541; x_wconf 90' lang='lat' dir='ltr'><strong>in</strong></span> <span class='ocrx_word' id='word_1_11' title='bbox 539 493 666 564; x_wconf 88' lang='lat' dir='ltr'><strong>utroque</strong></span> <span class='ocrx_word' id='word_1_12' title='bbox 678 497 815 565; x_wconf 81' lang='lat' dir='ltr'><strong>paratus,</strong></span> 
     </span>
     <span class='ocr_line' id='line_1_3' title="bbox 112 571 856 660; baseline 0.008 -26"><span class='ocrx_word' id='word_1_13' title='bbox 112 571 267 653; x_wconf 85' lang='lat' dir='ltr'><strong>Quicquid</strong></span> <span class='ocrx_word' id='word_1_14' title='bbox 279 576 369 635; x_wconf 90' lang='lat' dir='ltr'><strong>corde</strong></span> <span class='ocrx_word' id='word_1_15' title='bbox 381 574 481 654; x_wconf 88' lang='lat' dir='ltr'><strong>capis,</strong></span> <span class='ocrx_word' id='word_1_16' title='bbox 494 576 625 655; x_wconf 85' lang='lat' dir='ltr'>prodere</span> <span class='ocrx_word' id='word_1_17' title='bbox 637 576 737 660; x_wconf 84' lang='lat' dir='ltr'><strong>lingua</strong></span> <span class='ocrx_word' id='word_1_18' title='bbox 748 591 856 659; x_wconf 88' lang='lat' dir='ltr'><strong>potest.</strong></span> 
     </span>
     <span class='ocr_line' id='line_1_4' title="bbox 66 663 783 754; baseline 0.01 -30"><span class='ocrx_word' id='word_1_19' title='bbox 66 663 196 728; x_wconf 83' lang='lat' dir='ltr'><strong>Pectore</strong></span> <span class='ocrx_word' id='word_1_20' title='bbox 209 669 265 728; x_wconf 90' lang='lat' dir='ltr'><strong>sub</strong></span> <span class='ocrx_word' id='word_1_21' title='bbox 278 669 360 748; x_wconf 77' lang='lat' dir='ltr'><strong>cujus</strong></span> <span class='ocrx_word' id='word_1_22' title='bbox 373 667 530 727; x_wconf 88' lang='lat' dir='ltr'><strong>firmantur</strong></span> <span class='ocrx_word' id='word_1_23' title='bbox 541 669 675 748; x_wconf 83' lang='lat' dir='ltr'><strong>pondera</strong></span> <span class='ocrx_word' id='word_1_24' title='bbox 689 671 783 754; x_wconf 81' lang='lat' dir='ltr'><strong>regis,</strong></span> 
     </span>
    </p>
   </div>
   <div class='ocr_carea' id='block_1_3' title="bbox 67 757 917 3266">
    <p class='ocr_par' dir='ltr' id='par_1_3' title="bbox 67 757 917 3266">
     <span class='ocr_line' id='line_1_5' title="bbox 109 757 666 841; baseline 0.007 -23"><span class='ocrx_word' id='word_1_25' title='bbox 109 757 211 820; x_wconf 89' lang='lat' dir='ltr'><strong>Pollet</strong></span> <span class='ocrx_word' id='word_1_26' title='bbox 224 773 253 821; x_wconf 89' lang='lat' dir='ltr'><strong>et</strong></span> <span class='ocrx_word' id='word_1_27' title='bbox 267 761 375 832; x_wconf 84' lang='lat' dir='ltr'><strong>auxilio</strong></span> <span class='ocrx_word' id='word_1_28' title='bbox 390 761 509 841; x_wconf 82' lang='lat' dir='ltr'><strong>publica</strong></span> <span class='ocrx_word' id='word_1_29' title='bbox 521 782 591 824; x_wconf 87' lang='lat' dir='ltr'><strong>cura</strong></span> <span class='ocrx_word' id='word_1_30' title='bbox 604 775 666 822; x_wconf 84' lang='lat' dir='ltr'><strong>tuo.</strong></span> 
     </span>
     <span class='ocr_line' id='line_1_6' title="bbox 70 848 903 940; baseline 0.011 -29"><span class='ocrx_word' id='word_1_31' title='bbox 70 848 179 913; x_wconf 83' lang='lat' dir='ltr'><strong>subdis</strong></span> <span class='ocrx_word' id='word_1_32' title='bbox 192 873 296 914; x_wconf 85' lang='lat' dir='ltr'><strong>amore</strong></span> <span class='ocrx_word' id='word_1_33' title='bbox 310 874 389 914; x_wconf 89' lang='lat' dir='ltr'><strong>novo</strong></span> <span class='ocrx_word' id='word_1_34' title='bbox 400 867 451 914; x_wconf 84' lang='lat' dir='ltr'><strong>tua</strong></span> <span class='ocrx_word' id='word_1_35' title='bbox 463 855 601 914; x_wconf 86' lang='lat' dir='ltr'><strong>membra</strong></span> <span class='ocrx_word' id='word_1_36' title='bbox 613 855 766 919; x_wconf 81' lang='lat' dir='ltr'><strong>laboribus</strong></span> <span class='ocrx_word' id='word_1_37' title='bbox 778 858 903 940; x_wconf 82' lang='lat' dir='ltr'><strong>amplis,¹</strong></span> 
     </span>
     <span class='ocr_line' id='line_1_7' title="bbox 107 943 707 1029; baseline 0.013 -25"><span class='ocrx_word' id='word_1_38' title='bbox 107 943 172 1004; x_wconf 89' lang='lat' dir='ltr'><strong>Pro</strong></span> <span class='ocrx_word' id='word_1_39' title='bbox 185 947 289 1022; x_wconf 86' lang='lat' dir='ltr'><strong>requie</strong></span> <span class='ocrx_word' id='word_1_40' title='bbox 302 948 378 1026; x_wconf 74' lang='lat' dir='ltr'><strong>regis</strong></span> <span class='ocrx_word' id='word_1_41' title='bbox 393 947 480 1009; x_wconf 85' lang='lat' dir='ltr'><strong>dulce</strong></span> <span class='ocrx_word' id='word_1_42' title='bbox 491 960 610 1029; x_wconf 86' lang='lat' dir='ltr'><strong>putatur</strong></span> <span class='ocrx_word' id='word_1_43' title='bbox 622 968 707 1012; x_wconf 88' lang='lat' dir='ltr'><strong>onus.</strong></span> 
     </span>
     <span class='ocr_line' id='line_1_8' title="bbox 68 1035 748 1118; baseline 0.007 -20"><span class='ocrx_word' id='word_1_44' title='bbox 68 1035 99 1098; x_wconf 93' lang='lat' dir='ltr'>O</span> <span class='ocrx_word' id='word_1_45' title='bbox 114 1037 185 1098; x_wconf 77' lang='lat' dir='ltr'><strong>felix</strong></span> <span class='ocrx_word' id='word_1_46' title='bbox 199 1038 316 1098; x_wconf 88' lang='lat' dir='ltr'><strong>animus</strong></span> <span class='ocrx_word' id='word_1_47' title='bbox 329 1040 435 1118; x_wconf 79' lang='lat' dir='ltr'><strong>patriae</strong></span> <span class='ocrx_word' id='word_1_48' title='bbox 446 1041 497 1116; x_wconf 91' lang='lat' dir='ltr'><strong>qui</strong></span> <span class='ocrx_word' id='word_1_49' title='bbox 511 1040 638 1099; x_wconf 89' lang='lat' dir='ltr'><strong>consulit</strong></span> <span class='ocrx_word' id='word_1_50' title='bbox 650 1055 748 1118; x_wconf 85' lang='lat' dir='ltr'><strong>actus,</strong></span> 
     </span>
     <span class='ocr_line' id='line_1_9' title="bbox 108 1129 712 1213; baseline 0.007 -23"><span class='ocrx_word' id='word_1_51' title='bbox 108 1129 148 1190; x_wconf 86' lang='lat' dir='ltr'><strong>Et</strong></span> <span class='ocrx_word' id='word_1_52' title='bbox 163 1130 236 1190; x_wconf 87' lang='lat' dir='ltr'><strong>vivit</strong></span> <span class='ocrx_word' id='word_1_53' title='bbox 249 1131 361 1192; x_wconf 88' lang='lat' dir='ltr'><strong>cunctis</strong></span> <span class='ocrx_word' id='word_1_54' title='bbox 373 1150 457 1191; x_wconf 91' lang='lat' dir='ltr'><strong>mens</strong></span> <span class='ocrx_word' id='word_1_55' title='bbox 470 1151 613 1213; x_wconf 84' lang='lat' dir='ltr'><strong>generosa</strong></span> <span class='ocrx_word' id='word_1_56' title='bbox 626 1133 712 1194; x_wconf 87' lang='lat' dir='ltr'><strong>viris!</strong></span> 
     </span>
     <span class='ocr_line' id='line_1_10' title="bbox 70 1223 782 1309; baseline 0.006 -26"><span class='ocrx_word' id='word_1_57' title='bbox 70 1223 172 1307; x_wconf 81' lang='lat' dir='ltr'><strong>Legati</strong></span> <span class='ocrx_word' id='word_1_58' title='bbox 184 1225 364 1300; x_wconf 85' lang='lat' dir='ltr'><strong>adveniunt,</strong></span> <span class='ocrx_word' id='word_1_59' title='bbox 384 1237 411 1285; x_wconf 86' lang='lat' dir='ltr'><strong>te</strong></span> <span class='ocrx_word' id='word_1_60' title='bbox 425 1224 626 1304; x_wconf 74' lang='lat' dir='ltr'><strong>respondente</strong></span> <span class='ocrx_word' id='word_1_61' title='bbox 638 1225 782 1309; x_wconf 81' lang='lat' dir='ltr'><strong>ligantur,</strong></span> 
     </span>
     <span class='ocr_line' id='line_1_11' title="bbox 107 1316 633 1399; baseline 0 -21"><span class='ocrx_word' id='word_1_62' title='bbox 107 1316 148 1378; x_wconf 86' lang='lat' dir='ltr'><strong>Et</strong></span> <span class='ocrx_word' id='word_1_63' title='bbox 161 1317 259 1398; x_wconf 87' lang='lat' dir='ltr'><strong>jaculo</strong></span> <span class='ocrx_word' id='word_1_64' title='bbox 272 1318 357 1379; x_wconf 90' lang='lat' dir='ltr'><strong>verbi</strong></span> <span class='ocrx_word' id='word_1_65' title='bbox 369 1339 440 1378; x_wconf 87' lang='lat' dir='ltr'><strong>mox</strong></span> <span class='ocrx_word' id='word_1_66' title='bbox 450 1320 567 1399; x_wconf 83' lang='lat' dir='ltr'><strong>jacuere</strong></span> <span class='ocrx_word' id='word_1_67' title='bbox 580 1318 633 1378; x_wconf 91' lang='lat' dir='ltr'><strong>tui.</strong></span> 
     </span>
     <span class='ocr_line' id='line_1_12' title="bbox 69 1409 896 1492; baseline 0.002 -20"><span class='ocrx_word' id='word_1_68' title='bbox 69 1409 188 1473; x_wconf 82' lang='lat' dir='ltr'><strong>Lancea</strong></span> <span class='ocrx_word' id='word_1_69' title='bbox 200 1431 300 1471; x_wconf 92' lang='lat' dir='ltr'><strong>sermo</strong></span> <span class='ocrx_word' id='word_1_70' title='bbox 314 1411 387 1486; x_wconf 80' lang='lat' dir='ltr'><strong>suit,</strong></span> <span class='ocrx_word' id='word_1_71' title='bbox 403 1432 520 1492; x_wconf 89' lang='lat' dir='ltr'><strong>quoquc</strong></span> <span class='ocrx_word' id='word_1_72' title='bbox 534 1432 590 1472; x_wconf 86' lang='lat' dir='ltr'><strong>vox</strong></span> <span class='ocrx_word' id='word_1_73' title='bbox 603 1425 716 1472; x_wconf 86' lang='lat' dir='ltr'><strong>armata</strong></span> <span class='ocrx_word' id='word_1_74' title='bbox 729 1410 896 1492; x_wconf 87' lang='lat' dir='ltr'><strong>loquentis,</strong></span> 
     </span>
     <span class='ocr_line' id='line_1_13' title="bbox 110 1501 749 1588; baseline 0.003 -24"><span class='ocrx_word' id='word_1_75' title='bbox 110 1503 288 1585; x_wconf 78' lang='lat' dir='ltr'><strong>Auspicium</strong></span> <span class='ocrx_word' id='word_1_76' title='bbox 302 1504 409 1586; x_wconf 86' lang='lat' dir='ltr'><strong>palmae</strong></span> <span class='ocrx_word' id='word_1_77' title='bbox 421 1517 450 1565; x_wconf 87' lang='lat' dir='ltr'><strong>te</strong></span> <span class='ocrx_word' id='word_1_78' title='bbox 465 1501 639 1588; x_wconf 71' lang='lat' dir='ltr'><strong>sigehertus</strong></span> <span class='ocrx_word' id='word_1_79' title='bbox 651 1506 749 1568; x_wconf 86' lang='lat' dir='ltr'><strong>habet.</strong></span> 
     </span>
     <span class='ocr_line' id='line_1_14' title="bbox 74 1595 764 1681; baseline 0.004 -24"><span class='ocrx_word' id='word_1_80' title='bbox 74 1595 261 1680; x_wconf 80' lang='lat' dir='ltr'><strong>Responsum</strong></span> <span class='ocrx_word' id='word_1_81' title='bbox 273 1599 368 1681; x_wconf 84' lang='lat' dir='ltr'><strong>gentis</strong></span> <span class='ocrx_word' id='word_1_82' title='bbox 382 1619 468 1659; x_wconf 89' lang='lat' dir='ltr'><strong>sensu</strong></span> <span class='ocrx_word' id='word_1_83' title='bbox 480 1598 631 1679; x_wconf 84' lang='lat' dir='ltr'><strong>profertur</strong></span> <span class='ocrx_word' id='word_1_84' title='bbox 641 1600 680 1659; x_wconf 88' lang='lat' dir='ltr'><strong>ab</strong></span> <span class='ocrx_word' id='word_1_85' title='bbox 694 1598 764 1676; x_wconf 86' lang='lat' dir='ltr'><strong>illo,</strong></span> 
     </span>
     <span class='ocr_line' id='line_1_15' title="bbox 109 1689 723 1773; baseline 0.003 -21"><span class='ocrx_word' id='word_1_86' title='bbox 109 1689 150 1752; x_wconf 85' lang='lat' dir='ltr'><strong>Et</strong></span> <span class='ocrx_word' id='word_1_87' title='bbox 163 1705 268 1753; x_wconf 80' lang='lat' dir='ltr'><strong>votum</strong></span> <span class='ocrx_word' id='word_1_88' title='bbox 282 1693 388 1773; x_wconf 90' lang='lat' dir='ltr'><strong>populi</strong></span> <span class='ocrx_word' id='word_1_89' title='bbox 401 1712 457 1752; x_wconf 81' lang='lat' dir='ltr'><strong>vox</strong></span> <span class='ocrx_word' id='word_1_90' title='bbox 469 1691 548 1752; x_wconf 87' lang='lat' dir='ltr'><strong>valet</strong></span> <span class='ocrx_word' id='word_1_91' title='bbox 559 1713 617 1753; x_wconf 89' lang='lat' dir='ltr'><strong>una</strong></span> <span class='ocrx_word' id='word_1_92' title='bbox 631 1691 723 1772; x_wconf 91' lang='lat' dir='ltr'><strong>loqui.</strong></span> 
     </span>
     <span class='ocr_line' id='line_1_16' title="bbox 71 1782 842 1868; baseline 0 -22"><span class='ocrx_word' id='word_1_93' title='bbox 71 1782 165 1868; x_wconf 85' lang='lat' dir='ltr'><strong>Cujus</strong></span> <span class='ocrx_word' id='word_1_94' title='bbox 178 1785 217 1845; x_wconf 90' lang='lat' dir='ltr'><strong>ab</strong></span> <span class='ocrx_word' id='word_1_95' title='bbox 232 1786 351 1868; x_wconf 83' lang='lat' dir='ltr'><strong>ingenio</strong></span> <span class='ocrx_word' id='word_1_96' title='bbox 365 1787 467 1846; x_wconf 87' lang='lat' dir='ltr'><strong>sortita</strong></span> <span class='ocrx_word' id='word_1_97' title='bbox 482 1799 526 1846; x_wconf 92' lang='lat' dir='ltr'><strong>est</strong></span> <span class='ocrx_word' id='word_1_98' title='bbox 538 1806 624 1847; x_wconf 87' lang='lat' dir='ltr'><strong>causa</strong></span> <span class='ocrx_word' id='word_1_99' title='bbox 636 1785 842 1866; x_wconf 55' lang='lat' dir='ltr'><strong>triumphumj</strong></span> 
     </span>
     <span class='ocr_line' id='line_1_17' title="bbox 111 1877 607 1960; baseline 0.002 -23"><span class='ocrx_word' id='word_1_100' title='bbox 111 1877 279 1939; x_wconf 80' lang='lat' dir='ltr'><strong>Assertoris</strong></span> <span class='ocrx_word' id='word_1_101' title='bbox 292 1899 350 1960; x_wconf 87' lang='lat' dir='ltr'><strong>ope</strong></span> <span class='ocrx_word' id='word_1_102' title='bbox 362 1879 467 1959; x_wconf 87' lang='lat' dir='ltr'><strong>justior</strong></span> <span class='ocrx_word' id='word_1_103' title='bbox 479 1879 530 1938; x_wconf 89' lang='lat' dir='ltr'><strong>illa</strong></span> <span class='ocrx_word' id='word_1_104' title='bbox 544 1879 607 1939; x_wconf 83' lang='lat' dir='ltr'><strong>suit.</strong></span> 
     </span>
     <span class='ocr_line' id='line_1_18' title="bbox 69 1970 878 2054; baseline 0.005 -22"><span class='ocrx_word' id='word_1_105' title='bbox 69 1970 179 2032; x_wconf 88' lang='lat' dir='ltr'><strong>Nullus</strong></span> <span class='ocrx_word' id='word_1_106' title='bbox 192 1971 274 2030; x_wconf 93' lang='lat' dir='ltr'><strong>enim</strong></span> <span class='ocrx_word' id='word_1_107' title='bbox 289 1973 399 2052; x_wconf 88' lang='lat' dir='ltr'><strong>poterit</strong></span> <span class='ocrx_word' id='word_1_108' title='bbox 410 1974 550 2053; x_wconf 88' lang='lat' dir='ltr'><strong>proprias</strong></span> <span class='ocrx_word' id='word_1_109' title='bbox 562 1974 603 2032; x_wconf 87' lang='lat' dir='ltr'><strong>ita</strong></span> <span class='ocrx_word' id='word_1_110' title='bbox 617 1975 748 2054; x_wconf 90' lang='lat' dir='ltr'><strong>pendere</strong></span> <span class='ocrx_word' id='word_1_111' title='bbox 761 1993 878 2053; x_wconf 86' lang='lat' dir='ltr'><strong>causas,</strong></span> 
     </span>
     <span class='ocr_line' id='line_1_19' title="bbox 111 2061 783 2150; baseline 0.003 -25"><span class='ocrx_word' id='word_1_112' title='bbox 111 2061 179 2125; x_wconf 88' lang='lat' dir='ltr'><strong>Ceu</strong></span> <span class='ocrx_word' id='word_1_113' title='bbox 193 2076 242 2123; x_wconf 88' lang='lat' dir='ltr'><strong>tua</strong></span> <span class='ocrx_word' id='word_1_114' title='bbox 256 2084 313 2144; x_wconf 90' lang='lat' dir='ltr'><strong>pro</strong></span> <span class='ocrx_word' id='word_1_115' title='bbox 326 2065 438 2126; x_wconf 88' lang='lat' dir='ltr'><strong>cunctis</strong></span> <span class='ocrx_word' id='word_1_116' title='bbox 452 2066 562 2150; x_wconf 81' lang='lat' dir='ltr'><strong>inclyta</strong></span> <span class='ocrx_word' id='word_1_117' title='bbox 574 2067 674 2150; x_wconf 86' lang='lat' dir='ltr'><strong>lingua</strong></span> <span class='ocrx_word' id='word_1_118' title='bbox 686 2081 783 2129; x_wconf 64' lang='lat' dir='ltr'><strong>tonat.⁴</strong></span> 
     </span>
     <span class='ocr_line' id='line_1_20' title="bbox 68 2153 917 2241; baseline 0.001 -23"><span class='ocrx_word' id='word_1_119' title='bbox 68 2154 180 2218; x_wconf 88' lang='lat' dir='ltr'><strong>Nullus</strong></span> <span class='ocrx_word' id='word_1_120' title='bbox 194 2169 227 2216; x_wconf 90' lang='lat' dir='ltr'><strong>ut</strong></span> <span class='ocrx_word' id='word_1_121' title='bbox 240 2153 410 2240; x_wconf 81' lang='lat' dir='ltr'><strong>AEgyptum</strong></span> <span class='ocrx_word' id='word_1_122' title='bbox 424 2173 556 2235; x_wconf 86' lang='lat' dir='ltr'><strong>recreat,</strong></span> <span class='ocrx_word' id='word_1_123' title='bbox 571 2163 643 2220; x_wconf 90' lang='lat' dir='ltr'><strong>dum</strong></span> <span class='ocrx_word' id='word_1_124' title='bbox 657 2159 763 2241; x_wconf 91' lang='lat' dir='ltr'><strong>plenus</strong></span> <span class='ocrx_word' id='word_1_125' title='bbox 776 2159 917 2235; x_wconf 84' lang='lat' dir='ltr'><strong>inundat,</strong></span> 
     </span>
     <span class='ocr_line' id='line_1_21' title="bbox 109 2247 729 2330; baseline 0.011 -21"><span class='ocrx_word' id='word_1_126' title='bbox 109 2247 164 2310; x_wconf 87' lang='lat' dir='ltr'><strong>Sic</strong></span> <span class='ocrx_word' id='word_1_127' title='bbox 176 2261 209 2308; x_wconf 88' lang='lat' dir='ltr'><strong>tu</strong></span> <span class='ocrx_word' id='word_1_128' title='bbox 223 2248 367 2330; x_wconf 85' lang='lat' dir='ltr'><strong>colloquii</strong></span> <span class='ocrx_word' id='word_1_129' title='bbox 380 2249 507 2313; x_wconf 78' lang='lat' dir='ltr'><strong>{lumine</strong></span> <span class='ocrx_word' id='word_1_130' title='bbox 519 2267 625 2315; x_wconf 86' lang='lat' dir='ltr'><strong>cuncta</strong></span> <span class='ocrx_word' id='word_1_131' title='bbox 636 2253 729 2316; x_wconf 86' lang='lat' dir='ltr'><strong>foves.</strong></span> 
     </span>
     <span class='ocr_line' id='line_1_22' title="bbox 68 2339 705 2428; baseline 0.008 -27"><span class='ocrx_word' id='word_1_132' title='bbox 68 2339 91 2401; x_wconf 84' lang='lat' dir='ltr'>J</span> <span class='ocrx_word' id='word_1_133' title='bbox 93 2342 192 2403; x_wconf 88' lang='lat' dir='ltr'><strong>ustitia</strong></span> <span class='ocrx_word' id='word_1_134' title='bbox 206 2339 333 2404; x_wconf 87' lang='lat' dir='ltr'><strong>florente</strong></span> <span class='ocrx_word' id='word_1_135' title='bbox 346 2344 444 2404; x_wconf 77' lang='lat' dir='ltr'><strong>lavent</strong></span> <span class='ocrx_word' id='word_1_136' title='bbox 458 2357 487 2406; x_wconf 87' lang='lat' dir='ltr'><strong>tc</strong></span> <span class='ocrx_word' id='word_1_137' title='bbox 499 2346 596 2425; x_wconf 87' lang='lat' dir='ltr'><strong>judice</strong></span> <span class='ocrx_word' id='word_1_138' title='bbox 609 2346 705 2428; x_wconf 81' lang='lat' dir='ltr'><strong>leges,</strong></span> 
     </span>
     <span class='ocr_line' id='line_1_23' title="bbox 111 2432 796 2518; baseline 0.004 -21"><span class='ocrx_word' id='word_1_139' title='bbox 111 2432 337 2514; x_wconf 87' lang='lat' dir='ltr'><strong>Causarumque</strong></span> <span class='ocrx_word' id='word_1_140' title='bbox 349 2458 433 2518; x_wconf 82' lang='lat' dir='ltr'><strong>aequo</strong></span> <span class='ocrx_word' id='word_1_141' title='bbox 447 2441 581 2518; x_wconf 91' lang='lat' dir='ltr'><strong>ponde-re</strong></span> <span class='ocrx_word' id='word_1_142' title='bbox 594 2439 671 2500; x_wconf 83' lang='lat' dir='ltr'><strong>libra</strong></span> <span class='ocrx_word' id='word_1_143' title='bbox 682 2457 796 2500; x_wconf 88' lang='lat' dir='ltr'><strong>manes.</strong></span> 
     </span>
     <span class='ocr_line' id='line_1_24' title="bbox 68 2528 806 2613; baseline 0.004 -24"><span class='ocrx_word' id='word_1_144' title='bbox 68 2528 117 2589; x_wconf 81' lang='lat' dir='ltr'><strong>Ad</strong></span> <span class='ocrx_word' id='word_1_145' title='bbox 126 2541 156 2588; x_wconf 84' lang='lat' dir='ltr'><strong>te</strong></span> <span class='ocrx_word' id='word_1_146' title='bbox 170 2529 359 2613; x_wconf 81' lang='lat' dir='ltr'><strong>confugiunt,</strong></span> <span class='ocrx_word' id='word_1_147' title='bbox 373 2542 403 2591; x_wconf 88' lang='lat' dir='ltr'><strong>te</strong></span> <span class='ocrx_word' id='word_1_148' title='bbox 416 2531 530 2612; x_wconf 81' lang='lat' dir='ltr'><strong>singula</strong></span> <span class='ocrx_word' id='word_1_149' title='bbox 542 2532 619 2594; x_wconf 84' lang='lat' dir='ltr'><strong>celsa</strong></span> <span class='ocrx_word' id='word_1_150' title='bbox 633 2533 806 2611; x_wconf 61' lang='lat' dir='ltr'><strong>requirunt,‘</strong></span> 
     </span>
     <span class='ocr_line' id='line_1_25' title="bbox 109 2620 817 2706; baseline 0.01 -25"><span class='ocrx_word' id='word_1_151' title='bbox 109 2620 180 2684; x_wconf 91' lang='lat' dir='ltr'><strong>Nec</strong></span> <span class='ocrx_word' id='word_1_152' title='bbox 192 2622 269 2702; x_wconf 87' lang='lat' dir='ltr'><strong>petis</strong></span> <span class='ocrx_word' id='word_1_153' title='bbox 282 2636 314 2682; x_wconf 91' lang='lat' dir='ltr'><strong>ut</strong></span> <span class='ocrx_word' id='word_1_154' title='bbox 325 2623 454 2698; x_wconf 85' lang='lat' dir='ltr'><strong>habeas,</strong></span> <span class='ocrx_word' id='word_1_155' title='bbox 467 2637 496 2685; x_wconf 86' lang='lat' dir='ltr'><strong>te</strong></span> <span class='ocrx_word' id='word_1_156' title='bbox 510 2626 586 2706; x_wconf 85' lang='lat' dir='ltr'><strong>petit</strong></span> <span class='ocrx_word' id='word_1_157' title='bbox 597 2626 696 2685; x_wconf 87' lang='lat' dir='ltr'><strong>omnis</strong></span> <span class='ocrx_word' id='word_1_158' title='bbox 708 2626 817 2688; x_wconf 86' lang='lat' dir='ltr'><strong>honor.</strong></span> 
     </span>
     <span class='ocr_line' id='line_1_26' title="bbox 67 2712 752 2799; baseline 0.007 -26"><span class='ocrx_word' id='word_1_159' title='bbox 67 2712 106 2775; x_wconf 88' lang='lat' dir='ltr'><strong>In</strong></span> <span class='ocrx_word' id='word_1_160' title='bbox 120 2717 203 2795; x_wconf 83' lang='lat' dir='ltr'><strong>eujus</strong></span> <span class='ocrx_word' id='word_1_161' title='bbox 216 2716 330 2797; x_wconf 81' lang='lat' dir='ltr'><strong>gremio</strong></span> <span class='ocrx_word' id='word_1_162' title='bbox 344 2717 473 2778; x_wconf 88' lang='lat' dir='ltr'><strong>nutritur</strong></span> <span class='ocrx_word' id='word_1_163' title='bbox 484 2720 591 2799; x_wconf 87' lang='lat' dir='ltr'><strong>adepta</strong></span> <span class='ocrx_word' id='word_1_164' title='bbox 604 2730 752 2798; x_wconf 84' lang='lat' dir='ltr'><strong>potestas,</strong></span> 
     </span>
     <span class='ocr_line' id='line_1_27' title="bbox 112 2804 753 2892; baseline 0.005 -25"><span class='ocrx_word' id='word_1_165' title='bbox 112 2804 188 2886; x_wconf 84' lang='lat' dir='ltr'><strong>Quo</strong></span> <span class='ocrx_word' id='word_1_166' title='bbox 200 2819 316 2869; x_wconf 88' lang='lat' dir='ltr'><strong>rectore</strong></span> <span class='ocrx_word' id='word_1_167' title='bbox 329 2810 413 2870; x_wconf 85' lang='lat' dir='ltr'><strong>datus</strong></span> <span class='ocrx_word' id='word_1_168' title='bbox 425 2831 558 2874; x_wconf 85' lang='lat' dir='ltr'><strong>crescere</strong></span> <span class='ocrx_word' id='word_1_169' title='bbox 572 2811 656 2874; x_wconf 83' lang='lat' dir='ltr'><strong>norit</strong></span> <span class='ocrx_word' id='word_1_170' title='bbox 668 2830 753 2892; x_wconf 80' lang='lat' dir='ltr'><strong>apex.</strong></span> 
     </span>
     <span class='ocr_line' id='line_1_28' title="bbox 71 2897 880 2984; baseline 0.007 -25"><span class='ocrx_word' id='word_1_171' title='bbox 71 2897 176 2978; x_wconf 85' lang='lat' dir='ltr'><strong>Quam</strong></span> <span class='ocrx_word' id='word_1_172' title='bbox 190 2899 299 2974; x_wconf 82' lang='lat' dir='ltr'><strong>merito</strong></span> <span class='ocrx_word' id='word_1_173' title='bbox 313 2902 421 2963; x_wconf 86' lang='lat' dir='ltr'><strong>retinet</strong></span> <span class='ocrx_word' id='word_1_174' title='bbox 433 2923 589 2966; x_wconf 88' lang='lat' dir='ltr'><strong>concessos</strong></span> <span class='ocrx_word' id='word_1_175' title='bbox 600 2922 721 2984; x_wconf 89' lang='lat' dir='ltr'><strong>semper</strong></span> <span class='ocrx_word' id='word_1_176' title='bbox 732 2903 880 2980; x_wconf 88' lang='lat' dir='ltr'><strong>honores,</strong></span> 
     </span>
     <span class='ocr_line' id='line_1_29' title="bbox 112 2990 889 3078; baseline 0.008 -26"><span class='ocrx_word' id='word_1_177' title='bbox 112 2990 175 3053; x_wconf 88' lang='lat' dir='ltr'><strong>Per</strong></span> <span class='ocrx_word' id='word_1_178' title='bbox 187 3013 278 3074; x_wconf 88' lang='lat' dir='ltr'><strong>quern</strong></span> <span class='ocrx_word' id='word_1_179' title='bbox 289 2994 378 3077; x_wconf 76' lang='lat' dir='ltr'><strong>digna</strong></span> <span class='ocrx_word' id='word_1_180' title='bbox 389 2995 482 3078; x_wconf 84' lang='lat' dir='ltr'><strong>magis</strong></span> <span class='ocrx_word' id='word_1_181' title='bbox 495 2992 626 3058; x_wconf 84' lang='lat' dir='ltr'><strong>culmina</strong></span> <span class='ocrx_word' id='word_1_182' title='bbox 636 2995 755 3056; x_wconf 87' lang='lat' dir='ltr'><strong>culmen</strong></span> <span class='ocrx_word' id='word_1_183' title='bbox 765 2996 889 3058; x_wconf 80' lang='lat' dir='ltr'><strong>habent!</strong></span> 
     </span>
     <span class='ocr_line' id='line_1_30' title="bbox 69 3083 773 3170; baseline 0 -22"><span class='ocrx_word' id='word_1_184' title='bbox 69 3083 221 3165; x_wconf 75' lang='lat' dir='ltr'><strong>Antiquos</strong></span> <span class='ocrx_word' id='word_1_185' title='bbox 232 3087 349 3149; x_wconf 86' lang='lat' dir='ltr'><strong>animos</strong></span> <span class='ocrx_word' id='word_1_186' title='bbox 361 3085 507 3148; x_wconf 80' lang='lat' dir='ltr'><strong>Romanae</strong></span> <span class='ocrx_word' id='word_1_187' title='bbox 520 3089 620 3170; x_wconf 88' lang='lat' dir='ltr'><strong>stirpis</strong></span> <span class='ocrx_word' id='word_1_188' title='bbox 631 3090 773 3169; x_wconf 84' lang='lat' dir='ltr'><strong>adeptus,</strong></span> 
     </span>
     <span class='ocr_line' id='line_1_31' title="bbox 111 3176 745 3266; baseline 0.003 -24"><span class='ocrx_word' id='word_1_189' title='bbox 111 3176 204 3243; x_wconf 80' lang='lat' dir='ltr'><strong>Bella</strong></span> <span class='ocrx_word' id='word_1_190' title='bbox 215 3199 319 3246; x_wconf 83' lang='lat' dir='ltr'><strong>moves</strong></span> <span class='ocrx_word' id='word_1_191' title='bbox 329 3181 455 3260; x_wconf 81' lang='lat' dir='ltr'><strong>animis,</strong></span> <span class='ocrx_word' id='word_1_192' title='bbox 469 3183 535 3266; x_wconf 80' lang='lat' dir='ltr'><strong>jura</strong></span> <span class='ocrx_word' id='word_1_193' title='bbox 547 3183 647 3264; x_wconf 88' lang='lat' dir='ltr'><strong>quiete</strong></span> <span class='ocrx_word' id='word_1_194' title='bbox 658 3180 745 3266; x_wconf 81' lang='lat' dir='ltr'><strong>regis.</strong></span> 
     </span>
    </p>
   </div>
   <div class='ocr_carea' id='block_1_4' title="bbox 0 0 1116 3852">
    <p class='ocr_par' dir='ltr' id='par_1_4' title="bbox 0 0 1116 3852">
     <span class='ocr_line' id='line_1_32' title="bbox 0 0 1116 3852; baseline 0 2"><span class='ocrx_word' id='word_1_195' title='bbox 0 0 1116 3852; x_wconf 95' lang='lat' dir='ltr'><strong> </strong></span> 
     </span>
    </p>
   </div>
  </div>
 </body>
</html>
