2222 3852
171 321 234 384 252
435 329 469 383 V.
486 331 525 382 n.
541 331 788 388 FORTUNATI

154 424 344 507 Aspicimus
353 443 474 486 reum
484 426 646 506 proprium
658 426 692 486 iu
703 427 861 491 dulcedine
872 430 985 510 rosum,

211 517 285 598 Quo
297 519 362 580 sine
374 519 455 578 nube
467 518 531 578 doli
542 519 635 580 corda
645 538 752 580 serena
763 522 886 585 micant.

167 609 252 673 Puro
264 612 348 672 fonte
358 612 457 694 rigans
467 625 570 673 uetur
581 613 620 672 de
631 612 717 674 fauce
730 616 893 692 redundat,

210 701 306 786 Cojor
317 705 409 766 verba
419 703 517 764 libens
528 717 671 785 pectore,
683 707 776 766 corde
788 709 872 771 bibo.

166 791 333 871 Providus,
346 809 477 872 exertm,
489 797 630 879 vigilam,
644 799 815 860 moderatos
823 845 834 877 ,
843 802 1006 884 honestos,

210 889 448 952 condimentum
458 891 567 949 anima
579 910 665 950 mens
677 904 728 949 tua
738 913 862 973 semper
872 895 974 957 habet.

161 983 286 1067 Reginae
297 983 419 1066 egregiae
429 983 612 1063 patrimonia
624 983 702 1044 celsa
711 984 905 1066 gubernans,

208 1077 287 1156 Quae
299 1077 354 1135 tibi
366 1076 537 1151 commisit,
548 1076 641 1136 sensit
650 1076 761 1157 ultique
773 1078 876 1141 fidem.

163 1169 270 1232 Nemo
281 1171 340 1250 piae
352 1181 470 1249 poteret
482 1169 591 1252 regine
600 1169 703 1230 carior
713 1191 794 1246 esee,

208 1262 312 1342 Quam
323 1262 375 1341 qui
385 1282 443 1342 pro
456 1261 572 1322 meritis
584 1261 652 1322 talis
664 1275 695 1323 et
705 1262 770 1343 ipse
780 1263 868 1326 toret.

164 1353 323 1416 Gunduari
334 1355 424 1437 longo
435 1355 533 1438 vigeas
543 1355 707 1435 placiturus
717 1357 750 1416 in
760 1376 842 1433 aevo,

205 1445 341 1533 Coujuge
354 1469 424 1510 curu
435 1449 562 1529 propria
573 1448 640 1510 luce
650 1469 785 1530 perenne
796 1471 933 1516 monens.

303 1604 422 1658 xvrn,
444 1605 499 1656 An
523 1607 699 1659 FLAVUM
720 1607 903 1661 AMICUM.

164 1725 222 1810 dn
232 1767 336 1809 carum
350 1749 461 1810 totiens
472 1768 542 1809 mea
553 1747 650 1830 pergit
662 1747 789 1828 epistola
801 1747 952 1828 Flavum,

203 1838 256 1903 Sic
266 1854 370 1902 monet
380 1842 487 1904 officiis
500 1841 600 1902 sedula
613 1861 684 1903 cura
696 1840 789 1920 loqui.

129 1952 135 1970 ¹
159 1931 253 1995 Nunc
265 1935 543 2016 quoqueprosaico,
554 1935 648 1994 modo
660 1934 781 1994 mittens
794 1934 931 1997 carmina
943 1958 1048 2018 versu„

199 2025 349 2088 Blandior
359 2029 467 2091 affectu
481 2029 580 2089 debita
590 2027 678 2088 solvit
690 2045 787 2087 amor.

159 2118 246 2201 Quin
258 2120 313 2181 tibi
327 2141 420 2203 pauca
433 2122 509 2182 leret
521 2121 643 2201 quivult
655 2121 712 2180 iter
724 2121 769 2181 ire
779 2120 894 2198 viator,

198 2212 302 2276 Nemo
315 2215 392 2274 mihi
404 2215 493 2276 tacite
505 2214 728 2296 praetereundus
741 2213 811 2275 abit.

156 2304 273 2371 Pontus
286 2307 424 2369 amicitiae
435 2321 464 2369 te
476 2320 509 2367 ut
521 2307 628 2389 pagina
640 2326 718 2387 saepe
732 2306 874 2386 requirit,

197 2399 238 2462 Et
247 2402 273 2462 si
284 2403 329 2463 vis
341 2402 433 2476 desit,
446 2400 548 2484 potior
560 2419 632 2460 aura
644 2399 750 2480 placet.

155 2491 299 2556 Attonitis
311 2494 419 2555 animis
431 2515 485 2579 ego
498 2515 555 2576 per
564 2514 636 2577 vaga
650 2492 753 2554 nubila
765 2493 883 2574 pendo,

196 2584 349 2667 Nullaque
362 2588 492 2669 suspicio
503 2588 585 2671 signa
598 2587 689 2648 relata
700 2605 800 2646 manu.

153 2679 204 2742 An
216 2680 272 2741 tibi
285 2681 384 2743 charta
397 2701 503 2762 pamm
517 2679 674 2764 peregrina
687 2699 788 2740 merce
802 2678 939 2738 rotatur?

194 2771 270 2834 Nou
283 2793 369 2834 amor
382 2785 534 2853 extorquet
546 2774 627 2852 quod
640 2793 737 2852 neque
749 2784 868 2850 tempus
880 2769 1002 2835 hebet?

153 2864 295 2941 Scribere
308 2886 368 2949 quo
382 2866 494 2947 poscis,
509 2866 652 2949 discingat
663 2864 754 2927 fascio
763 2883 883 2946 sagum,

196 2957 319 3023 Cortice
333 2957 410 3021 dictu
422 2959 479 3042 legi
492 2959 525 3019 fit
537 2957 613 3018 milti
626 2957 713 3018 dulce
724 2957 776 3017 tui.

151 3052 202 3118 An
213 3066 264 3115 tua
274 3053 459 3116 Romuleum
469 3051 579 3111 fastidit
590 3051 690 3132 lingua
700 3049 873 3110 susurrum?

193 3143 305 3224 Quaeso
314 3146 361 3208 vol
374 3143 533 3208 Hebraicis
545 3143 663 3206 reddito
675 3142 765 3206 verba
778 3140 865 3203 uotis.
