2230 3838
151 213 210 278 116
405 234 439 290 v.
461 235 496 288 Η.
523 235 775 292 roaruuarr
806 265 810 270 -

199 375 555 447 rerumrerum,
576 380 681 433 vrum
699 372 992 438 areomarensi.

150 483 314 598 Quauvrs
328 513 418 578 instet
431 515 504 593 iter,
517 517 710 596 retrahatque
722 516 879 580 volumine
892 509 989 600 curae,

185 609 236 670 Ad
248 622 277 670 te
291 630 387 690 pauca
399 610 499 672 serens
512 610 649 673 carmina
660 608 749 673 ilecto
761 613 854 673 viam.

147 701 263 785 Captus
278 724 382 766 amore
394 705 436 764 tui
449 726 604 786 nunquam
616 707 814 767 memoranda
826 709 952 792 tacebo,

160 864 165 874 ,
187 796 234 859 Te
247 819 346 878 neque
359 811 509 879 praetereo
520 802 732 880 praetereundo
743 799 855 863 locum.

145 889 206 955 Cui
220 913 290 954 cum
304 893 393 975 digna
406 892 530 972 loquar,
545 894 572 954 si
584 894 698 978 syllaba
710 907 814 976 quarta
826 898 966 976 recedat,

185 984 387 1048 Praemiacum
400 987 520 1069 pollens
533 989 659 1070 praemia
672 1010 786 1050 nomen
799 990 901 1052 babes.

144 1080 277 1144 Deliciis
291 1082 427 1142 obsessus
440 1101 526 1164 ager,
541 1083 739 1144 viridantibus
751 1084 850 1161 arvis,

183 1173 226 1235 Et
239 1175 382 1236 naturalis
393 1174 488 1258 gratia
501 1176 581 1236 ruris
594 1176 681 1237 inest.

144 1267 279 1333 Condita
292 1289 352 1350 quo
366 1269 475 1330 domus
487 1282 550 1346 cst,
564 1269 672 1352 planus
685 1283 788 1334 tumor
801 1272 860 1335 exit
873 1272 905 1334 iu
921 1273 1043 1358 altum,

183 1362 216 1426 N
218 1385 253 1426 ec
265 1364 335 1425 satis
349 1363 428 1426 elato
441 1365 554 1427 vertice
567 1379 672 1450 regnat
684 1386 768 1448 apex.

143 1458 216 1541 Qua
227 1479 321 1542 ,super
334 1458 513 1523 incumbens
526 1459 611 1524 locus
622 1473 665 1524 est
677 1462 803 1525 devexus
817 1463 850 1524 in
864 1482 1013 1542 amnem,

182 1553 296 1617 Florea
304 1570 457 1639 gemmato
469 1559 606 1641 gramine
620 1571 709 1641 prata
719 1559 826 1622 virent.

139 1647 264 1711 Leniter
275 1651 417 1732 appulsus
430 1653 568 1732 quotiens
580 1654 714 1715 insibilat
727 1651 828 1716 Eurus
838 1697 852 1732 ,-

180 1743 274 1806 Flexa
286 1745 432 1828 supinatis
445 1744 567 1809 lluctuat
579 1749 674 1809 herba
688 1749 800 1811 comis..

140 1838 226 1902 Hinc
240 1838 299 1900 alia
311 1841 348 1902 de
360 1853 446 1923 parte
458 1862 542 1926 seges
555 1841 687 1905 llavescit
701 1843 818 1918 aristis,

179 1931 305 2017 Pinguis
318 1948 347 1994 et
358 1934 497 1998 altricem
510 1935 627 2017 palmes
641 1950 749 2018 opacat
761 1936 900 1998 humum

138 2027 278 2091 Piscibus
291 2029 460 2092 innumeris
473 2051 537 2090 non
550 2030 651 2092 delicit
664 2032 745 2091 unda
758 2029 931 2110 Garunnae,

179 2121 257 2184 Etsi
269 2123 345 2185 desit
358 2125 452 2209 agris,
468 2124 566 2207 fruges
578 2125 712 2186 abundat
724 2125 819 2206 aquis.

140 2214 201 2279 Sed
214 2231 243 2279 te
256 2219 430 2300 quaerebant
442 2218 507 2281 haec
519 2239 645 2280 munera
660 2232 757 2304 tanta,
771 2216 903 2297 Leonti,

181 2308 272 2374 Solus
286 2314 439 2389 defueras,
454 2313 506 2393 qui
520 2313 602 2375 bona
617 2314 709 2395 plena
721 2315 816 2374 dares.

137 2405 222 2468 Nam
229 2409 311 2487 quod
316 2408 567 2489 pulchradomus,
574 2407 1036 2493 quodgratalavacranitescnnt,

161 2571 162 2574 Ἴ
183 2499 451 2564 Consolidatorem
465 2515 494 2563 te
508 2503 647 2565 cecinere
660 2525 759 2565 suum

136 2591 281 2654 Attamen
294 2596 451 2675 acquirant
464 2609 496 2656 ut
506 2598 602 2660 adbuc
615 2598 789 2661 fabricanda
805 2598 968 2678 decorem,

177 2687 389 2773 Temporibus
403 2690 505 2775 longis·
513 2692 577 2756 haec
588 2706 640 2754 tua
652 2695 733 2755 dona
745 2713 840 2777 regas.

293 2847 378 2899 xxt.
403 2846 457 2898 DE
480 2846 646 2900 AEGlClO
667 2849 873 2903 FLUMINE.

139 2959 233 3045 Laus
244 2981 300 3042 tibi
314 2980 391 3044 forte
406 2982 509 3045 minor
521 2984 636 3061 luerat,
649 3005 795 3068 generosa
807 2984 971 3066 Garonna,

181 3074 293 3140 Sinon
306 3077 422 3164 exiguas
435 3077 510 3143 alter
522 3079 648 3144 baberet
660 3099 761 3161 aquas.
