2230 3838
172 321 231 386 168
437 341 469 393 v.
489 342 524 394 rr.
548 341 797 395 ronruuam

210 429 367 511 Tempore
379 433 435 495 sub
447 434 566 518 byemis
578 454 669 514 quam
682 433 759 494 solet
771 433 850 494 unda
864 429 971 498 marisss

169 522 215 584 Ut
226 524 356 603 quatitur
370 527 509 612 pelagus,
525 527 662 608 quotiens
674 525 846 609 proflaverit
861 525 980 607 EuruS,

210 616 276 678 Stat
291 639 389 700 neque
402 622 446 684 sic
458 623 576 682 animus
589 634 618 682 te
633 621 697 682 sine
711 641 779 683 care
793 641 887 682 meus.

168 709 288 773 Blanda
299 729 437 776 serenato
451 729 611 804 tempestas
624 727 749 798 pectore
761 714 871 792 fervet,

209 805 310 887 Atque
324 810 362 868 ad
374 822 403 870 te
417 811 498 871 varia
512 809 680 871 mobilitate
693 808 792 868 trahit.

169 896 231 962 Sed
244 922 364 963 memor
378 916 441 964 esto
455 905 535 978 mei,
549 916 713 981 votumque
727 903 860 982 repende
872 903 1012 982 petenti,

209 991 255 1055 Ut
269 996 382 1076 pariter
392 998 515 1078 paribus
529 999 579 1058 det
590 1017 643 1065 sua
658 997 738 1056 dona
751 995 846 1056 Deus.

169 1085 346 1148 Humanam
359 1103 492 1152 mentem
509 1090 622 1153 Christi
634 1111 694 1172 qno
705 1090 798 1173 gratia
811 1090 903 1167 ditet,

209 1180 257 1244 Ac
270 1183 395 1244 domino
409 1197 513 1246 nostro
526 1205 629 1246 sensus
641 1197 670 1246 et
682 1205 736 1245 ora
749 1196 862 1245 vacent.

184 1326 295 1377 XXXI.
318 1325 372 1376 AD
395 1324 767 1379 ARClllDlACONUllI
789 1324 844 1375 DE
865 1324 1037 1379 MELDIS.

169 1433 211 1520 Sr
226 1458 300 1518 mihi
314 1457 362 1520 vel
376 1471 490 1519 vestros
503 1457 635 1520 licuisset
646 1477 770 1519 comere
784 1456 897 1535 vultus,

210 1551 244 1613 Μ
250 1574 342 1614 unere
356 1573 413 1634 pro
427 1565 509 1613 tanto
523 1552 654 1634 plurima
665 1552 757 1613 rerba
768 1554 881 1614 darem.

166 1645 287 1708 Direxit
299 1646 388 1708 nobis
400 1659 532 1708 mustum
545 1660 595 1706 tua
608 1666 677 1708 cara
689 1646 844 1722 voluntas,

208 1739 250 1800 Et
261 1741 362 1802 dulces
375 1740 494 1802 animos
507 1740 606 1803 dulcia
620 1742 699 1801 dona
711 1741 851 1822 probant.

168 1832 273 1915 Quem
286 1855 349 1894 non
362 1834 480 1909 vidisti,
493 1847 654 1916 promptus
667 1835 774 1896 satiare
788 1837 916 1918 parasti,

210 1928 296 2008 Quid
310 1928 400 1990 facias
412 1929 473 2005 illi,
489 1930 541 2010 qui
555 1930 610 1990 tibi
625 1943 712 1990 notus
725 1931 827 1992 adest?

167 2021 232 2084 Det
242 2023 297 2083 tibi
309 2022 390 2107 larga
401 2022 503 2100 Deus,
517 2024 568 2104 qui
581 2044 685 2086 curam
698 2037 799 2086 mente
811 2024 893 2086 fideli

208 2115 260 2178 De
270 2137 358 2200 grege
369 2119 537 2201 pontificis,
551 2139 657 2202 magne
673 2119 829 2196 minister,
843 2119 947 2182 babes.
972 2195 975 2200 1

260 2269 388 2323 XXXll.
410 2273 466 2327 AD
485 2273 697 2326 JOANNEM
719 2273 962 2326 DlllCONUM.

169 2382 298 2467 Pronus
309 2404 449 2468 amicitiae
463 2426 584 2486 semper
598 2403 798 2466 memorabile
813 2416 938 2480 nostro,

209 2501 357 2564 Versibus
369 2501 477 2582 exiguis
490 2521 557 2562 care
568 2499 590 2559 J
593 2520 705 2561 oannes
715 2500 803 2560 habe.

168 2593 216 2656 Ut
227 2617 295 2658 cum
311 2617 359 2656 me
372 2595 493 2675 rapiunt
505 2594 573 2657 loca
584 2615 664 2657 nunc
676 2594 828 2678 incognita
841 2593 959 2670 forsan,

210 2689 285 2750 Non
300 2689 402 2748 animo
413 2689 532 2762 videar,
547 2689 658 2766 dulcis,
673 2689 776 2750 abesse
787 2701 850 2748 tuo.

168 2782 367 2845 Anthemium
380 2795 497 2862 patrem
510 2803 566 2864 per
578 2794 626 2858 te,
641 2783 829 2859 venerande,
843 2781 957 2859 saluto,

212 2875 306 2960 Cujus
317 2877 348 2937 in
363 2877 471 2939 ellectu
485 2877 686 2939 consolidatus
699 2897 779 2961 agor.

168 2970 324 3033 Hilarium
339 2971 448 3053 partim
462 2972 550 3032 nobis
563 2971 594 3032 in
605 2991 709 3033 amore
723 2984 877 3045 tenacem,

211 3067 315 3127 lnsero
329 3065 511 3128 carminibus
525 3086 614 3144 quem
629 3085 696 3125 mea
710 3066 802 3126 corda
815 3063 926 3126 colunt.

169 3155 323 3242 Perpetuo
338 3179 458 3220 maneas
471 3160 587 3221 meritis
599 3159 737 3222 felicibus
750 3180 831 3236 aevo,
