2222 3844
178 332 240 384 DE
256 332 360 385 VITA
386 331 414 385 S.
433 329 617 387 Mdlt'rtttt
639 329 768 386 Llltlttt
783 332 835 386 lv.
914 319 953 405 87

62 423 128 505 Qui
142 437 236 507 potes
249 423 325 485 aller
338 443 432 505 opem
444 424 586 505 pendenti
599 423 631 483 in
644 435 743 485 morte
757 423 900 502 catervis,

57 517 238 603 Desperata
254 518 332 580 salus
342 519 449 580 solatia
461 519 520 578 lida
532 517 671 599 requirite

57 613 144 695 Quae
155 614 231 696 pius
242 627 274 674 ut
285 614 377 676 sensit
390 613 493 676 divino
506 612 592 674 illata
602 610 745 696 flagello,

55 706 123 770 Sed
137 730 201 772 nee
214 728 307 790 posse
318 709 406 770 timet
420 706 500 770 sacili
513 727 636 770 exorare
650 721 793 790 ριεεειῑιι,Ι

52 803 210 865 Attamen
225 803 380 884 excipiens
389 815 492 865 votum
505 803 676 865 miserantis
688 804 798 880 amici,

54 899 193 984 Septem
207 919 320 980 nempe
333 899 414 975 dies,
429 899 557 960 totidem
570 899 736 962 subsidere
748 910 857 962 noctes

50 992 200 1078 Pervigil
212 993 368 1070 incubuit,
381 993 494 1076 jejunia
506 991 588 1054 nulla
599 992 756 1070 relaxans,

53 1087 254 1153 Continuata
265 1089 384 1149 trahens
398 1109 455 1169 per
466 1099 607 1169 tempora
616 1087 703 1150 mille
716 1100 875 1171 precatus:

49 1183 132 1247 Nee
144 1181 232 1266 prius
244 1181 360 1243 absistit
372 1182 431 1242 nisi
444 1182 588 1264 supplicis
601 1182 653 1243 illa
667 1181 799 1266 Lyconti

51 1277 145 1340 Vota
156 1289 282 1358 recepta
294 1277 398 1351 daret,
413 1276 581 1357 domuique
591 1275 710 1338 medela
722 1275 834 1337 rediret
845 1317 860 1351 p

52 1373 100 1436 Et
114 1372 254 1435 rediviva
265 1370 343 1432 salus
355 1371 513 1454 fugitivum
524 1370 687 1453 expelleret
699 1369 794 1431 ulcus¹

55 1467 130 1550 Qui
142 1483 248 1530 tamen
261 1479 293 1527 ut
305 1466 410 1529 didicit
421 1466 694 1528 sanetiobtinuisse
707 1465 845 1526 laborem
855 1506 870 1539 ‚1

56 1562 215 1637 Advolat,
231 1573 261 1622 et
272 1573 368 1644 grates
381 1560 490 1622 devoto
502 1563 594 1625 corde
606 1561 765 1643 rependit,

57 1656 240 1740 Ereptaque
255 1656 348 1716 domo
361 1675 413 1716 sua
425 1657 532 1740 gaudia
544 1667 671 1717 munere
685 1668 809 1739 pensat,

56 1751 126 1814 Pro
139 1751 338 1812 merito-fidei
351 1751 465 1812 donum
479 1752 544 1814 vice
555 1751 761 1827 centurionis,

58 1846 169 1909 Israeli
184 1845 326 1907 dominus
337 1866 429 1926 quern
442 1847 572 1928 praetulit
585 1867 639 1907 ore
650 1846 791 1928 potenti,

60 1941 106 2004 Et
116 1943 203 2025 prius
215 1941 312 2002 hausit
326 1956 419 2022 opem
430 1941 538 2025 genitae
551 1962 642 2022 quarn
661 1941 786 2003 intraret
798 1939 830 2001 in
844 1939 952 2002 eedem:

58 2037 209 2118 Denique
222 2049 324 2098 sancto
340 2035 429 2097 olsert
442 2037 555 2120 argenti
569 2037 706 2118 pondera
719 2055 845 2120 magna‚
871 2059 874 2066 ·

58 2132 126 2195 Ter
139 2132 258 2195 tricena
270 2133 376 2194 decem
388 2131 578 2214 superaddita
591 2151 693 2193 merce
704 2129 846 2212 patroni,

59 2227 159 2291 Addit
172 2239 202 2288 et
215 2225 267 2287 has
280 2247 368 2288 voees
381 2240 517 2289 recreato
530 2239 654 2309 pectore
667 2225 792 2307 supplex
805 2247 813 2283 ι

65 2319 154 2400 Quid
166 2321 241 2396 tibi,
256 2320 335 2384 celse
348 2335 453 2404 pater,
466 2323 533 2383 vitae
546 2341 603 2404 pro
617 2340 744 2381 munere
754 2319 888 2394 solvam,

65 2413 149 2478 Cum
162 2415 263 2498 pretio
274 2435 340 2476 non·
349 2415 444 2498 possit
456 2417 517 2477 erui
528 2417 591 2478 haec
602 2417 667 2492 lux,
678 2434 778 2495 neque
790 2413 898 2492 vendi,

62 2511 169 2572 Unius
181 2523 233 2572 aut
244 2511 353 2573 anirnae
366 2513 495 2575 mereari
507 2513 568 2574 vita
580 2511 711 2574 valebit?

64 2603 148 2670 Cum
162 2626 237 2668 vero
250 2605 302 2666 illa
313 2628 390 2668 meae
402 2607 506 2678 domui
519 2606 583 2669 lues
596 2627 655 2668 una
667 2619 811 2682 noceret,

59 2701 133 2765 Nec
145 2715 314 2782 superesset
328 2702 395 2785 opis
409 2702 559 2783 reliquum
572 2703 653 2783 quod
662 2703 800 2764 redderet
814 2700 928 2778 ullum,

61 2795 214 2859 Praesidio
227 2817 296 2858 eece
309 2810 361 2858 tuo
374 2797 451 2858 mihi
463 2787 575 2880 nenlpe
588 2810 632 2858 tot
646 2797 767 2882 agmina
775 2797 899 2876 vivunt,

65 2889 159 2952 Sexus
172 2903 202 2952 et
216 2891 310 2969 aetatis-
318 2913 479 2954 numerosa
492 2906 609 2955 caterva
621 2896 761 2955 meorum

68 2981 148 3046 Cum
163 2997 301 3066 stupeam
314 2987 418 3048 solidae
428 3001 566 3050 revocata
579 2989 817 3066 adseverante,

68 3077 107 3138 Et
119 3079 229 3160 quibus
245 3081 431 3162 obsequerer
440 3083 657 3160 morientibus,
674 3105 743 3147 ecee
757 3084 938 3144 ministrant.

68 3171 148 3236 Nam
161 3176 264 3237 statim
277 3189 307 3238 ut
320 3188 370 3240 toa
381 3198 439 3242 vox
448 3179 610 3260 penetralis
624 3181 662 3242 ad
672 3193 750 3244 astra
762 3177 888 3256 volavit,
