<?xml version="1.0" encoding="UTF-8"?>
<!DOCTYPE html PUBLIC "-//W3C//DTD XHTML 1.0 Transitional//EN"
    "http://www.w3.org/TR/xhtml1/DTD/xhtml1-transitional.dtd">
<html xmlns="http://www.w3.org/1999/xhtml" xml:lang="en" lang="en">
 <head>
  <title>
</title>
<meta http-equiv="Content-Type" content="text/html;charset=utf-8" />
  <meta name='ocr-system' content='tesseract 3.04.00' />
  <meta name='ocr-capabilities' content='ocr_page ocr_carea ocr_par ocr_line ocrx_word'/>
</head>
<body>
  <div class='ocr_page' id='page_1' title='image "./venantiihonorii00unkngoog_0280.png"; bbox 0 0 2222 3852; ppageno 0'>
   <div class='ocr_carea' id='block_1_1' title="bbox 156 312 791 389">
    <p class='ocr_par' dir='ltr' id='par_1_1' title="bbox 156 312 791 389">
     <span class='ocr_line' id='line_1_1' title="bbox 156 312 791 389; baseline -0.002 -13"><span class='ocrx_word' id='word_1_1' title='bbox 156 312 219 389; x_wconf 72' lang='lat'>264</span> <span class='ocrx_word' id='word_1_2' title='bbox 407 327 440 380; x_wconf 90' lang='lat' dir='ltr'>v.</span> <span class='ocrx_word' id='word_1_3' title='bbox 467 327 503 380; x_wconf 86' lang='lat' dir='ltr'>n.</span> <span class='ocrx_word' id='word_1_4' title='bbox 527 325 791 380; x_wconf 76' lang='lat' dir='ltr'>nosrunnrt</span> 
     </span>
    </p>
   </div>
   <div class='ocr_carea' id='block_1_2' title="bbox 150 416 1054 3222">
    <p class='ocr_par' dir='ltr' id='par_1_2' title="bbox 150 416 1054 3222">
     <span class='ocr_line' id='line_1_2' title="bbox 198 416 890 501; baseline -0.006 -21"><span class='ocrx_word' id='word_1_5' title='bbox 198 418 260 481; x_wconf 85' lang='lat' dir='ltr'>Sed</span> <span class='ocrx_word' id='word_1_6' title='bbox 272 417 360 481; x_wconf 82' lang='lat' dir='ltr'>labor</span> <span class='ocrx_word' id='word_1_7' title='bbox 373 418 429 480; x_wconf 90' lang='lat' dir='ltr'>iste</span> <span class='ocrx_word' id='word_1_8' title='bbox 439 418 539 480; x_wconf 65' lang='lat' dir='ltr'>luseris</span> <span class='ocrx_word' id='word_1_9' title='bbox 552 418 637 501; x_wconf 85' lang='lat' dir='ltr'>fruge</span> <span class='ocrx_word' id='word_1_10' title='bbox 649 416 811 498; x_wconf 85' lang='lat' dir='ltr'>replendus</span> <span class='ocrx_word' id='word_1_11' title='bbox 822 417 890 478; x_wconf 90' lang='lat' dir='ltr'>erit.</span> 
     </span>
     <span class='ocr_line' id='line_1_3' title="bbox 152 512 901 594; baseline -0.008 -18"><span class='ocrx_word' id='word_1_12' title='bbox 152 513 286 577; x_wconf 78' lang='lat' dir='ltr'>Servitio</span> <span class='ocrx_word' id='word_1_13' title='bbox 300 514 418 576; x_wconf 88' lang='lat' dir='ltr'>domini</span> <span class='ocrx_word' id='word_1_14' title='bbox 432 514 587 575; x_wconf 83' lang='lat' dir='ltr'>subdenda</span> <span class='ocrx_word' id='word_1_15' title='bbox 597 524 642 573; x_wconf 89' lang='lat' dir='ltr'>est</span> <span class='ocrx_word' id='word_1_16' title='bbox 652 514 690 573; x_wconf 79' lang='lat' dir='ltr'>ad</span> <span class='ocrx_word' id='word_1_17' title='bbox 703 513 770 594; x_wconf 85' lang='lat' dir='ltr'>juga</span> <span class='ocrx_word' id='word_1_18' title='bbox 782 512 901 587; x_wconf 79' lang='lat' dir='ltr'>cervix,</span> 
     </span>
     <span class='ocr_line' id='line_1_4' title="bbox 195 608 929 694; baseline -0.004 -23"><span class='ocrx_word' id='word_1_19' title='bbox 195 609 265 673; x_wconf 90' lang='lat' dir='ltr'>Nec</span> <span class='ocrx_word' id='word_1_20' title='bbox 277 629 366 694; x_wconf 84' lang='lat' dir='ltr'>grave</span> <span class='ocrx_word' id='word_1_21' title='bbox 377 611 430 670; x_wconf 88' lang='lat' dir='ltr'>sed</span> <span class='ocrx_word' id='word_1_22' title='bbox 444 609 509 670; x_wconf 78' lang='lat' dir='ltr'>leve</span> <span class='ocrx_word' id='word_1_23' title='bbox 523 608 556 669; x_wconf 91' lang='lat' dir='ltr'>fit</span> <span class='ocrx_word' id='word_1_24' title='bbox 567 608 710 689; x_wconf 89' lang='lat' dir='ltr'>quicquid</span> <span class='ocrx_word' id='word_1_25' title='bbox 724 627 829 667; x_wconf 80' lang='lat' dir='ltr'>amore</span> <span class='ocrx_word' id='word_1_26' title='bbox 841 608 929 669; x_wconf 80' lang='lat' dir='ltr'>feras.</span> 
     </span>
     <span class='ocr_line' id='line_1_5' title="bbox 150 699 939 784; baseline -0.003 -19"><span class='ocrx_word' id='word_1_27' title='bbox 150 702 184 765; x_wconf 89' lang='lat' dir='ltr'>N</span> <span class='ocrx_word' id='word_1_28' title='bbox 187 723 228 765; x_wconf 89' lang='lat' dir='ltr'>on</span> <span class='ocrx_word' id='word_1_29' title='bbox 241 704 362 764; x_wconf 82' lang='lat' dir='ltr'><strong>aliunde</strong></span> <span class='ocrx_word' id='word_1_30' title='bbox 373 715 475 784; x_wconf 77' lang='lat' dir='ltr'>petas,</span> <span class='ocrx_word' id='word_1_31' title='bbox 491 702 523 762; x_wconf 89' lang='lat' dir='ltr'>in</span> <span class='ocrx_word' id='word_1_32' title='bbox 537 713 633 762; x_wconf 89' lang='lat' dir='ltr'>matre</span> <span class='ocrx_word' id='word_1_33' title='bbox 648 699 785 782; x_wconf 78' lang='lat' dir='ltr'>exempla</span> <span class='ocrx_word' id='word_1_34' title='bbox 798 701 939 780; x_wconf 85' lang='lat' dir='ltr'>require,</span> 
     </span>
     <span class='ocr_line' id='line_1_6' title="bbox 193 794 878 880; baseline -0.001 -23"><span class='ocrx_word' id='word_1_35' title='bbox 193 797 315 880; x_wconf 81' lang='lat' dir='ltr'>Aspicis</span> <span class='ocrx_word' id='word_1_36' title='bbox 328 810 397 857; x_wconf 84' lang='lat' dir='ltr'>ante</span> <span class='ocrx_word' id='word_1_37' title='bbox 410 797 515 859; x_wconf 87' lang='lat' dir='ltr'>oculos</span> <span class='ocrx_word' id='word_1_38' title='bbox 528 797 611 876; x_wconf 86' lang='lat' dir='ltr'>qnod</span> <span class='ocrx_word' id='word_1_39' title='bbox 623 794 779 856; x_wconf 87' lang='lat' dir='ltr'>mediteris</span> <span class='ocrx_word' id='word_1_40' title='bbox 793 815 878 875; x_wconf 91' lang='lat' dir='ltr'>opus.</span> 
     </span>
     <span class='ocr_line' id='line_1_7' title="bbox 153 889 911 971; baseline -0.003 -20"><span class='ocrx_word' id='word_1_41' title='bbox 153 889 238 952; x_wconf 89' lang='lat' dir='ltr'>Curn</span> <span class='ocrx_word' id='word_1_42' title='bbox 251 911 309 970; x_wconf 84' lang='lat' dir='ltr'>qua</span> <span class='ocrx_word' id='word_1_43' title='bbox 323 891 445 952; x_wconf 81' lang='lat' dir='ltr'>lestines</span> <span class='ocrx_word' id='word_1_44' title='bbox 457 890 548 951; x_wconf 85' lang='lat' dir='ltr'>sirnul</span> <span class='ocrx_word' id='word_1_45' title='bbox 562 911 626 952; x_wconf 91' lang='lat' dir='ltr'>esse</span> <span class='ocrx_word' id='word_1_46' title='bbox 639 891 670 950; x_wconf 90' lang='lat' dir='ltr'>in</span> <span class='ocrx_word' id='word_1_47' title='bbox 682 889 749 952; x_wconf 90' lang='lat' dir='ltr'>luce</span> <span class='ocrx_word' id='word_1_48' title='bbox 764 891 911 971; x_wconf 83' lang='lat' dir='ltr'>perenni,</span> 
     </span>
     <span class='ocr_line' id='line_1_8' title="bbox 197 983 840 1068; baseline -0.006 -20"><span class='ocrx_word' id='word_1_49' title='bbox 197 983 354 1048; x_wconf 87' lang='lat' dir='ltr'>Condecet</span> <span class='ocrx_word' id='word_1_50' title='bbox 365 986 414 1046; x_wconf 88' lang='lat' dir='ltr'>hic</span> <span class='ocrx_word' id='word_1_51' title='bbox 427 984 520 1045; x_wconf 84' lang='lat' dir='ltr'>simili</span> <span class='ocrx_word' id='word_1_52' title='bbox 535 1005 657 1046; x_wconf 87' lang='lat' dir='ltr'>currere</span> <span class='ocrx_word' id='word_1_53' title='bbox 670 984 736 1068; x_wconf 93' lang='lat' dir='ltr'>lege</span> <span class='ocrx_word' id='word_1_54' title='bbox 749 985 840 1045; x_wconf 80' lang='lat' dir='ltr'>viam.</span> 
     </span>
     <span class='ocr_line' id='line_1_9' title="bbox 156 1075 959 1161; baseline 0 -23"><span class='ocrx_word' id='word_1_55' title='bbox 156 1077 203 1138; x_wconf 87' lang='lat' dir='ltr'>Sit</span> <span class='ocrx_word' id='word_1_56' title='bbox 215 1079 270 1139; x_wconf 91' lang='lat' dir='ltr'>tibi</span> <span class='ocrx_word' id='word_1_57' title='bbox 281 1078 368 1140; x_wconf 83' lang='lat' dir='ltr'>dulce</span> <span class='ocrx_word' id='word_1_58' title='bbox 382 1080 473 1141; x_wconf 87' lang='lat' dir='ltr'>decus</span> <span class='ocrx_word' id='word_1_59' title='bbox 485 1080 655 1141; x_wconf 80' lang='lat' dir='ltr'>veneranda</span> <span class='ocrx_word' id='word_1_60' title='bbox 668 1075 793 1141; x_wconf 82' lang='lat' dir='ltr'>Cesaria</span> <span class='ocrx_word' id='word_1_61' title='bbox 806 1099 959 1161; x_wconf 73' lang='lat' dir='ltr'><strong>praesens,</strong></span> 
     </span>
     <span class='ocr_line' id='line_1_10' title="bbox 197 1169 772 1236; baseline 0.002 -4"><span class='ocrx_word' id='word_1_62' title='bbox 197 1169 329 1234; x_wconf 83' lang='lat' dir='ltr'>Praesnle</span> <span class='ocrx_word' id='word_1_63' title='bbox 345 1170 480 1235; x_wconf 77' lang='lat' dir='ltr'>Caesariu</span> <span class='ocrx_word' id='word_1_64' title='bbox 490 1193 554 1234; x_wconf 91' lang='lat' dir='ltr'>non</span> <span class='ocrx_word' id='word_1_65' title='bbox 568 1173 697 1236; x_wconf 78' lang='lat' dir='ltr'>caritura</span> <span class='ocrx_word' id='word_1_66' title='bbox 710 1186 772 1234; x_wconf 89' lang='lat' dir='ltr'>tuo.</span> 
     </span>
     <span class='ocr_line' id='line_1_11' title="bbox 156 1264 1054 1350; baseline 0.003 -24"><span class='ocrx_word' id='word_1_67' title='bbox 156 1264 230 1326; x_wconf 91' lang='lat' dir='ltr'>lllos</span> <span class='ocrx_word' id='word_1_68' title='bbox 243 1267 335 1328; x_wconf 87' lang='lat' dir='ltr'>corde</span> <span class='ocrx_word' id='word_1_69' title='bbox 347 1287 494 1345; x_wconf 87' lang='lat' dir='ltr'>sequens,</span> <span class='ocrx_word' id='word_1_70' title='bbox 513 1269 712 1346; x_wconf 80' lang='lat' dir='ltr'>mandataque</span> <span class='ocrx_word' id='word_1_71' title='bbox 726 1287 857 1348; x_wconf 89' lang='lat' dir='ltr'>corpore</span> <span class='ocrx_word' id='word_1_72' title='bbox 871 1265 1054 1350; x_wconf 87' lang='lat' dir='ltr'>complens,</span> 
     </span>
     <span class='ocr_line' id='line_1_12' title="bbox 198 1358 778 1442; baseline 0.005 -24"><span class='ocrx_word' id='word_1_73' title='bbox 198 1358 245 1418; x_wconf 91' lang='lat' dir='ltr'>Ut</span> <span class='ocrx_word' id='word_1_74' title='bbox 256 1372 357 1421; x_wconf 84' lang='lat' dir='ltr'>teneas</span> <span class='ocrx_word' id='word_1_75' title='bbox 369 1358 477 1435; x_wconf 82' lang='lat' dir='ltr'>flores,</span> <span class='ocrx_word' id='word_1_76' title='bbox 490 1360 543 1420; x_wconf 84' lang='lat' dir='ltr'>has</span> <span class='ocrx_word' id='word_1_77' title='bbox 557 1361 685 1422; x_wconf 80' lang='lat' dir='ltr'>imiteris</span> <span class='ocrx_word' id='word_1_78' title='bbox 697 1381 778 1442; x_wconf 84' lang='lat' dir='ltr'>apes.</span> 
     </span>
     <span class='ocr_line' id='line_1_13' title="bbox 155 1449 858 1534; baseline -0.003 -21"><span class='ocrx_word' id='word_1_79' title='bbox 155 1449 288 1532; x_wconf 83' lang='lat' dir='ltr'>Respice</span> <span class='ocrx_word' id='word_1_80' title='bbox 302 1453 354 1533; x_wconf 89' lang='lat' dir='ltr'>qui</span> <span class='ocrx_word' id='word_1_81' title='bbox 367 1452 462 1514; x_wconf 81' lang='lat' dir='ltr'>voluit</span> <span class='ocrx_word' id='word_1_82' title='bbox 475 1453 556 1514; x_wconf 87' lang='lat' dir='ltr'>nasci</span> <span class='ocrx_word' id='word_1_83' title='bbox 570 1475 601 1514; x_wconf 91' lang='lat' dir='ltr'>se</span> <span class='ocrx_word' id='word_1_84' title='bbox 614 1467 718 1514; x_wconf 87' lang='lat' dir='ltr'>ventre</span> <span class='ocrx_word' id='word_1_85' title='bbox 732 1451 858 1534; x_wconf 74' lang='lat' dir='ltr'>puellae,</span> 
     </span>
     <span class='ocr_line' id='line_1_14' title="bbox 196 1543 861 1626; baseline 0 -20"><span class='ocrx_word' id='word_1_86' title='bbox 196 1543 239 1606; x_wconf 90' lang='lat' dir='ltr'>Et</span> <span class='ocrx_word' id='word_1_87' title='bbox 252 1547 370 1607; x_wconf 89' lang='lat' dir='ltr'>domini</span> <span class='ocrx_word' id='word_1_88' title='bbox 384 1547 496 1607; x_wconf 88' lang='lat' dir='ltr'>summi</span> <span class='ocrx_word' id='word_1_89' title='bbox 510 1567 569 1626; x_wconf 80' lang='lat' dir='ltr'>qna</span> <span class='ocrx_word' id='word_1_90' title='bbox 581 1567 651 1608; x_wconf 85' lang='lat' dir='ltr'>caro</span> <span class='ocrx_word' id='word_1_91' title='bbox 666 1567 755 1608; x_wconf 86' lang='lat' dir='ltr'>carne</span> <span class='ocrx_word' id='word_1_92' title='bbox 769 1546 861 1606; x_wconf 87' lang='lat' dir='ltr'>venit.</span> 
     </span>
     <span class='ocr_line' id='line_1_15' title="bbox 158 1639 872 1723; baseline -0.003 -23"><span class='ocrx_word' id='word_1_93' title='bbox 158 1640 289 1722; x_wconf 84' lang='lat' dir='ltr'>Spiritus</span> <span class='ocrx_word' id='word_1_94' title='bbox 302 1641 444 1704; x_wconf 80' lang='lat' dir='ltr'>intactam</span> <span class='ocrx_word' id='word_1_95' title='bbox 455 1640 635 1703; x_wconf 82' lang='lat' dir='ltr'>venerabilis</span> <span class='ocrx_word' id='word_1_96' title='bbox 646 1641 741 1723; x_wconf 82' lang='lat' dir='ltr'>attigit</span> <span class='ocrx_word' id='word_1_97' title='bbox 753 1639 872 1715; x_wconf 79' lang='lat' dir='ltr'>alvum,</span> 
     </span>
     <span class='ocr_line' id='line_1_16' title="bbox 196 1733 847 1819; baseline -0.002 -26"><span class='ocrx_word' id='word_1_98' title='bbox 196 1733 377 1819; x_wconf 80' lang='lat' dir='ltr'>Virgineam</span> <span class='ocrx_word' id='word_1_99' title='bbox 391 1736 516 1816; x_wconf 91' lang='lat' dir='ltr'>cupiens</span> <span class='ocrx_word' id='word_1_100' title='bbox 530 1734 696 1810; x_wconf 82' lang='lat' dir='ltr'>inhabitare</span> <span class='ocrx_word' id='word_1_101' title='bbox 710 1736 847 1794; x_wconf 87' lang='lat' dir='ltr'>domurn.</span> 
     </span>
     <span class='ocr_line' id='line_1_17' title="bbox 157 1826 994 1912; baseline 0.002 -25"><span class='ocrx_word' id='word_1_102' title='bbox 157 1826 249 1889; x_wconf 86' lang='lat' dir='ltr'>Hanc</span> <span class='ocrx_word' id='word_1_103' title='bbox 263 1827 347 1890; x_wconf 88' lang='lat' dir='ltr'>Deus</span> <span class='ocrx_word' id='word_1_104' title='bbox 359 1829 530 1912; x_wconf 88' lang='lat' dir='ltr'>ingrediens</span> <span class='ocrx_word' id='word_1_105' title='bbox 542 1828 675 1888; x_wconf 90' lang='lat' dir='ltr'>hominis</span> <span class='ocrx_word' id='word_1_106' title='bbox 689 1849 754 1907; x_wconf 84' lang='lat' dir='ltr'>quae</span> <span class='ocrx_word' id='word_1_107' title='bbox 767 1828 875 1889; x_wconf 89' lang='lat' dir='ltr'>nesciit</span> <span class='ocrx_word' id='word_1_108' title='bbox 886 1848 994 1906; x_wconf 88' lang='lat' dir='ltr'>usum,</span> 
     </span>
     <span class='ocr_line' id='line_1_18' title="bbox 201 1917 748 2005; baseline 0.002 -25"><span class='ocrx_word' id='word_1_109' title='bbox 201 1918 273 1981; x_wconf 82' lang='lat' dir='ltr'>Sola</span> <span class='ocrx_word' id='word_1_110' title='bbox 284 1944 338 1983; x_wconf 91' lang='lat' dir='ltr'>suo</span> <span class='ocrx_word' id='word_1_111' title='bbox 352 1935 425 1983; x_wconf 85' lang='lat' dir='ltr'>natu</span> <span class='ocrx_word' id='word_1_112' title='bbox 437 1921 556 1984; x_wconf 81' lang='lat' dir='ltr'>conscia</span> <span class='ocrx_word' id='word_1_113' title='bbox 568 1917 652 2005; x_wconf 84' lang='lat' dir='ltr'>virgo</span> <span class='ocrx_word' id='word_1_114' title='bbox 666 1922 748 1996; x_wconf 85' lang='lat' dir='ltr'>viru,</span> 
     </span>
     <span class='ocr_line' id='line_1_19' title="bbox 160 2011 805 2097; baseline -0.003 -21"><span class='ocrx_word' id='word_1_115' title='bbox 160 2011 364 2097; x_wconf 89' lang='lat' dir='ltr'>Concipiente</span> <span class='ocrx_word' id='word_1_116' title='bbox 378 2016 436 2077; x_wconf 88' lang='lat' dir='ltr'>fide</span> <span class='ocrx_word' id='word_1_117' title='bbox 449 2014 533 2076; x_wconf 91' lang='lat' dir='ltr'>nullo</span> <span class='ocrx_word' id='word_1_118' title='bbox 545 2036 577 2076; x_wconf 93' lang='lat' dir='ltr'>se</span> <span class='ocrx_word' id='word_1_119' title='bbox 590 2016 706 2076; x_wconf 87' lang='lat' dir='ltr'>semine</span> <span class='ocrx_word' id='word_1_120' title='bbox 719 2014 805 2089; x_wconf 88' lang='lat' dir='ltr'>lusit,</span> 
     </span>
     <span class='ocr_line' id='line_1_20' title="bbox 201 2105 958 2188; baseline 0 -21"><span class='ocrx_word' id='word_1_121' title='bbox 201 2105 243 2167; x_wconf 90' lang='lat' dir='ltr'>Et</span> <span class='ocrx_word' id='word_1_122' title='bbox 256 2131 315 2188; x_wconf 91' lang='lat' dir='ltr'>quo</span> <span class='ocrx_word' id='word_1_123' title='bbox 331 2109 425 2172; x_wconf 83' lang='lat' dir='ltr'>lactus</span> <span class='ocrx_word' id='word_1_124' title='bbox 437 2109 531 2169; x_wconf 88' lang='lat' dir='ltr'><strong>homo</strong></span> <span class='ocrx_word' id='word_1_125' title='bbox 546 2121 607 2184; x_wconf 86' lang='lat' dir='ltr'>est,</span> <span class='ocrx_word' id='word_1_126' title='bbox 621 2128 683 2168; x_wconf 91' lang='lat' dir='ltr'>non</span> <span class='ocrx_word' id='word_1_127' title='bbox 696 2108 750 2168; x_wconf 92' lang='lat' dir='ltr'>suit</span> <span class='ocrx_word' id='word_1_128' title='bbox 763 2108 839 2168; x_wconf 85' lang='lat' dir='ltr'>alter</span> <span class='ocrx_word' id='word_1_129' title='bbox 851 2107 958 2170; x_wconf 88' lang='lat' dir='ltr'>horno.</span> 
     </span>
     <span class='ocr_line' id='line_1_21' title="bbox 159 2199 922 2284; baseline 0.003 -24"><span class='ocrx_word' id='word_1_130' title='bbox 159 2199 325 2284; x_wconf 80' lang='lat' dir='ltr'>Virginitas</span> <span class='ocrx_word' id='word_1_131' title='bbox 338 2202 407 2263; x_wconf 81' lang='lat' dir='ltr'>felix</span> <span class='ocrx_word' id='word_1_132' title='bbox 420 2224 485 2282; x_wconf 75' lang='lat' dir='ltr'>qnae</span> <span class='ocrx_word' id='word_1_133' title='bbox 497 2215 584 2282; x_wconf 81' lang='lat' dir='ltr'>partu</span> <span class='ocrx_word' id='word_1_134' title='bbox 597 2214 641 2263; x_wconf 90' lang='lat' dir='ltr'>est</span> <span class='ocrx_word' id='word_1_135' title='bbox 652 2202 741 2284; x_wconf 81' lang='lat' dir='ltr'>digna</span> <span class='ocrx_word' id='word_1_136' title='bbox 754 2199 922 2278; x_wconf 75' lang='lat' dir='ltr'>&#39;l*0nantis,</span> 
     </span>
     <span class='ocr_line' id='line_1_22' title="bbox 203 2295 901 2378; baseline -0.003 -22"><span class='ocrx_word' id='word_1_137' title='bbox 203 2295 283 2374; x_wconf 81' lang='lat' dir='ltr'>Quae</span> <span class='ocrx_word' id='word_1_138' title='bbox 295 2297 406 2357; x_wconf 87' lang='lat' dir='ltr'>meruit</span> <span class='ocrx_word' id='word_1_139' title='bbox 419 2297 578 2356; x_wconf 89' lang='lat' dir='ltr'>dominum</span> <span class='ocrx_word' id='word_1_140' title='bbox 590 2314 790 2378; x_wconf 80' lang='lat' dir='ltr'>progenerare</span> <span class='ocrx_word' id='word_1_141' title='bbox 803 2315 901 2356; x_wconf 87' lang='lat' dir='ltr'>suurn.</span> 
     </span>
     <span class='ocr_line' id='line_1_23' title="bbox 160 2387 938 2469; baseline -0.001 -20"><span class='ocrx_word' id='word_1_142' title='bbox 160 2388 292 2469; x_wconf 85' lang='lat' dir='ltr'>Templa</span> <span class='ocrx_word' id='word_1_143' title='bbox 306 2390 447 2452; x_wconf 85' lang='lat' dir='ltr'>creatoris</span> <span class='ocrx_word' id='word_1_144' title='bbox 459 2403 527 2451; x_wconf 92' lang='lat' dir='ltr'>sunt</span> <span class='ocrx_word' id='word_1_145' title='bbox 540 2390 679 2451; x_wconf 85' lang='lat' dir='ltr'>membra</span> <span class='ocrx_word' id='word_1_146' title='bbox 689 2389 797 2469; x_wconf 88' lang='lat' dir='ltr'>pudica</span> <span class='ocrx_word' id='word_1_147' title='bbox 811 2387 938 2469; x_wconf 71' lang='lat' dir='ltr'>puellm,</span> 
     </span>
     <span class='ocr_line' id='line_1_24' title="bbox 201 2480 874 2565; baseline 0 -23"><span class='ocrx_word' id='word_1_148' title='bbox 201 2482 303 2562; x_wconf 85' lang='lat' dir='ltr'>Atque</span> <span class='ocrx_word' id='word_1_149' title='bbox 316 2485 428 2545; x_wconf 84' lang='lat' dir='ltr'>habitat</span> <span class='ocrx_word' id='word_1_150' title='bbox 441 2484 583 2565; x_wconf 89' lang='lat' dir='ltr'>proprius</span> <span class='ocrx_word' id='word_1_151' title='bbox 596 2484 654 2545; x_wconf 80' lang='lat' dir='ltr'>tale</span> <span class='ocrx_word' id='word_1_152' title='bbox 667 2482 765 2545; x_wconf 86' lang='lat' dir='ltr'>cubile</span> <span class='ocrx_word' id='word_1_153' title='bbox 779 2480 874 2543; x_wconf 90' lang='lat' dir='ltr'>Deus.</span> 
     </span>
     <span class='ocr_line' id='line_1_25' title="bbox 162 2575 930 2661; baseline 0.004 -25"><span class='ocrx_word' id='word_1_154' title='bbox 162 2575 318 2657; x_wconf 86' lang='lat' dir='ltr'>Quantum</span> <span class='ocrx_word' id='word_1_155' title='bbox 333 2597 441 2658; x_wconf 80' lang='lat' dir='ltr'>sponsa</span> <span class='ocrx_word' id='word_1_156' title='bbox 454 2591 552 2660; x_wconf 88' lang='lat' dir='ltr'>potest</span> <span class='ocrx_word' id='word_1_157' title='bbox 563 2579 600 2638; x_wconf 90' lang='lat' dir='ltr'>de</span> <span class='ocrx_word' id='word_1_158' title='bbox 612 2577 779 2661; x_wconf 82' lang='lat' dir='ltr'>virginitate</span> <span class='ocrx_word' id='word_1_159' title='bbox 791 2576 930 2657; x_wconf 81' lang='lat' dir='ltr'>placere,</span> 
     </span>
     <span class='ocr_line' id='line_1_26' title="bbox 200 2668 843 2756; baseline -0.003 -26"><span class='ocrx_word' id='word_1_160' title='bbox 200 2668 271 2750; x_wconf 84' lang='lat' dir='ltr'>Ipsa</span> <span class='ocrx_word' id='word_1_161' title='bbox 284 2671 332 2732; x_wconf 92' lang='lat' dir='ltr'>cui</span> <span class='ocrx_word' id='word_1_162' title='bbox 345 2673 477 2752; x_wconf 78' lang='lat' dir='ltr'>genetrix</span> <span class='ocrx_word' id='word_1_163' title='bbox 488 2692 550 2732; x_wconf 94' lang='lat' dir='ltr'>non</span> <span class='ocrx_word' id='word_1_164' title='bbox 565 2673 623 2732; x_wconf 89' lang='lat' dir='ltr'>nisi</span> <span class='ocrx_word' id='word_1_165' title='bbox 637 2673 720 2756; x_wconf 89' lang='lat' dir='ltr'>virgo</span> <span class='ocrx_word' id='word_1_166' title='bbox 734 2671 843 2753; x_wconf 83' lang='lat' dir='ltr'>placet.</span> 
     </span>
     <span class='ocr_line' id='line_1_27' title="bbox 163 2761 1049 2842; baseline -0.001 -17"><span class='ocrx_word' id='word_1_167' title='bbox 163 2761 248 2838; x_wconf 83' lang='lat' dir='ltr'>Sara,</span> <span class='ocrx_word' id='word_1_168' title='bbox 259 2762 408 2842; x_wconf 77' lang='lat' dir='ltr'>Rebecca,</span> <span class='ocrx_word' id='word_1_169' title='bbox 416 2764 542 2842; x_wconf 85' lang='lat' dir='ltr'>Rachel,</span> <span class='ocrx_word' id='word_1_170' title='bbox 550 2765 669 2842; x_wconf 86' lang='lat' dir='ltr'>Esther,</span> <span class='ocrx_word' id='word_1_171' title='bbox 678 2767 698 2826; x_wconf 83' lang='lat' dir='ltr'>J</span> <span class='ocrx_word' id='word_1_172' title='bbox 702 2766 797 2840; x_wconf 70' lang='lat' dir='ltr'>udsth,</span> <span class='ocrx_word' id='word_1_173' title='bbox 807 2765 907 2841; x_wconf 80' lang='lat' dir='ltr'>Anna,</span> <span class='ocrx_word' id='word_1_174' title='bbox 918 2764 1049 2842; x_wconf 85' lang='lat' dir='ltr'>Noemi,</span> 
     </span>
     <span class='ocr_line' id='line_1_28' title="bbox 204 2855 914 2941; baseline 0.003 -25"><span class='ocrx_word' id='word_1_175' title='bbox 204 2855 353 2937; x_wconf 78' lang='lat' dir='ltr'>Quamvis</span> <span class='ocrx_word' id='word_1_176' title='bbox 365 2859 523 2941; x_wconf 79' lang='lat' dir='ltr'>proecipuae</span> <span class='ocrx_word' id='word_1_177' title='bbox 532 2859 652 2923; x_wconf 89' lang='lat' dir='ltr'>culmen</span> <span class='ocrx_word' id='word_1_178' title='bbox 665 2862 703 2920; x_wconf 89' lang='lat' dir='ltr'>ad</span> <span class='ocrx_word' id='word_1_179' title='bbox 715 2873 793 2921; x_wconf 78' lang='lat' dir='ltr'>nstra</span> <span class='ocrx_word' id='word_1_180' title='bbox 805 2859 914 2921; x_wconf 82' lang='lat' dir='ltr'>levent.</span> 
     </span>
     <span class='ocr_line' id='line_1_29' title="bbox 162 2949 952 3037; baseline -0.001 -24"><span class='ocrx_word' id='word_1_181' title='bbox 162 2949 257 3013; x_wconf 85' lang='lat' dir='ltr'>Nulla</span> <span class='ocrx_word' id='word_1_182' title='bbox 269 2963 370 3011; x_wconf 77' lang='lat' dir='ltr'>tamen</span> <span class='ocrx_word' id='word_1_183' title='bbox 382 2953 491 3013; x_wconf 87' lang='lat' dir='ltr'>meruit</span> <span class='ocrx_word' id='word_1_184' title='bbox 505 2954 610 3014; x_wconf 83' lang='lat' dir='ltr'>mundi</span> <span class='ocrx_word' id='word_1_185' title='bbox 621 2974 764 3037; x_wconf 85' lang='lat' dir='ltr'>generare</span> <span class='ocrx_word' id='word_1_186' title='bbox 778 2964 952 3035; x_wconf 82' lang='lat' dir='ltr'>parentem,</span> 
     </span>
     <span class='ocr_line' id='line_1_30' title="bbox 207 3043 938 3128; baseline 0.001 -24"><span class='ocrx_word' id='word_1_187' title='bbox 207 3043 286 3123; x_wconf 85' lang='lat' dir='ltr'>Quae</span> <span class='ocrx_word' id='word_1_188' title='bbox 299 3044 458 3106; x_wconf 85' lang='lat' dir='ltr'>dominum</span> <span class='ocrx_word' id='word_1_189' title='bbox 471 3047 590 3128; x_wconf 90' lang='lat' dir='ltr'>peperit</span> <span class='ocrx_word' id='word_1_190' title='bbox 603 3046 701 3109; x_wconf 85' lang='lat' dir='ltr'>clausa</span> <span class='ocrx_word' id='word_1_191' title='bbox 713 3045 813 3107; x_wconf 78' lang='lat' dir='ltr'>Maria</span> <span class='ocrx_word' id='word_1_192' title='bbox 826 3057 938 3106; x_wconf 81' lang='lat' dir='ltr'>manet.</span> 
     </span>
     <span class='ocr_line' id='line_1_31' title="bbox 166 3134 917 3222; baseline 0.007 -27"><span class='ocrx_word' id='word_1_193' title='bbox 166 3134 347 3199; x_wconf 79' lang='lat' dir='ltr'>Intemerate</span> <span class='ocrx_word' id='word_1_194' title='bbox 360 3137 462 3200; x_wconf 90' lang='lat' dir='ltr'>Deum</span> <span class='ocrx_word' id='word_1_195' title='bbox 475 3141 629 3222; x_wconf 80' lang='lat' dir='ltr'>suspendit</span> <span class='ocrx_word' id='word_1_196' title='bbox 641 3142 678 3201; x_wconf 84' lang='lat' dir='ltr'>ad</span> <span class='ocrx_word' id='word_1_197' title='bbox 691 3142 784 3204; x_wconf 80' lang='lat' dir='ltr'>ubere</span> <span class='ocrx_word' id='word_1_198' title='bbox 796 3153 917 3216; x_wconf 83' lang='lat' dir='ltr'>natum,</span> 
     </span>
    </p>
   </div>
   <div class='ocr_carea' id='block_1_3' title="bbox 0 0 1129 3852">
    <p class='ocr_par' dir='ltr' id='par_1_3' title="bbox 0 0 1129 3852">
     <span class='ocr_line' id='line_1_32' title="bbox 0 0 1129 3852; baseline 0 0"><span class='ocrx_word' id='word_1_199' title='bbox 0 0 1129 3852; x_wconf 95' lang='lat' dir='ltr'> </span> 
     </span>
    </p>
   </div>
  </div>
 </body>
</html>
