2230 3838
221 370 274 456 V.
300 369 355 454 H.
387 369 782 459 FORTUNATI
907 387 912 396 '

290 685 731 794 POEMATUM

340 1013 468 1083 muna
491 1016 683 1073 ruamus.

121 1242 142 1295 1.
164 1243 208 1297 IN
226 1243 400 1300 LAUDEM
420 1246 658 1304 EUPHRONII
680 1247 887 1305 EPlSCOPl.

70 1387 235 1489 Quanvrs
248 1413 332 1496 pigra
345 1413 420 1474 milri
434 1416 529 1497 jaceat
541 1415 605 1475 sine
620 1414 726 1475 fomite
739 1415 856 1498 lingua,

109 1508 139 1570 N
142 1529 176 1570 ec
189 1506 306 1569 valeam
321 1506 419 1590 digitis
431 1509 557 1569 reddere
572 1508 660 1591 digna
672 1507 763 1569 viris:

73 1601 230 1676 Attamen,
242 1599 322 1660 alme
335 1613 436 1680 pater,
453 1599 566 1662 Christi
579 1602 749 1663 venerande
760 1603 916 1679 sacerdos,

109 1692 272 1776 Euphroni
284 1693 373 1774 cupio
386 1693 502 1755 solvere
515 1713 608 1774 parva
622 1694 688 1754 tibi.

68 1787 179 1850 Debeo
192 1786 288 1846 multa
300 1787 438 1865 quidem,
453 1787 505 1848 sed
519 1787 637 1867 suscipe
649 1805 744 1867 pauca
757 1789 909 1865 libenter,

111 1879 157 1940 Sit
167 1878 287 1940 veniale
299 1899 422 1959 precor,
438 1880 519 1958 quod
530 1891 597 1940 tuus
609 1879 670 1940 edit
684 1899 782 1942 amor.

75 1971 219 2035 Ecclesiae
229 1971 344 2053 lampas
354 1972 409 2032 sub
422 1985 452 2032 te
464 1971 597 2032 radiante
611 1985 764 2048 coruscat,

114 2064 247 2126 Lumine
260 2064 411 2144 pontificis
423 2063 514 2148 fulget
525 2064 636 2144 ubique
652 2064 733 2126 tides.

71 2158 181 2222 Gratia
193 2157 370 2240 praecellens
380 2157 498 2220 sincero
512 2159 544 2219 in
555 2171 680 2240 pectore
692 2172 814 2236 vernat,

110 2252 187 2332 Quo
202 2250 301 2312 nullus
314 2251 401 2312 dolus
414 2265 457 2312 est
469 2250 605 2312 Israelita
616 2251 664 2314 vir
677 2271 719 2314 es.

68 2344 270 2408 Immaculata
280 2345 336 2405 tibi
348 2344 476 2407 feliciter
487 2345 565 2407 actio
579 2347 689 2421 currit,

111 2438 160 2499 Ut
172 2450 313 2521 penetres
326 2438 416 2501 coelos
427 2438 492 2500 haec
503 2439 553 2501 via
565 2439 670 2520 pandit
683 2437 751 2498 iter.

71 2532 185 2595 Dulcia
198 2531 343 2612 colloquii
356 2534 420 2595 sine
434 2533 503 2596 luco
516 2533 596 2596 dicta
607 2530 756 2606 refundis,

112 2626 189 2688 Non
203 2627 246 2688 sic
257 2626 348 2688 mella
361 2627 454 2703 mihi,
470 2645 561 2706 quam
571 2639 622 2687 tua
635 2625 726 2687 verba
737 2622 867 2705 placent.

72 2719 232 2801 Quicquid
243 2720 333 2782 habet
346 2741 463 2796 sensus,
476 2721 535 2782 hoc
547 2719 649 2802 lingua
661 2736 766 2778 serena
779 2716 909 2793 relaxat,

113 2811 244 2877 Pectore
257 2815 312 2876 sub
324 2827 423 2876 restro
436 2814 515 2875 fraus
527 2813 596 2875 loca
607 2810 690 2872 nulla
701 2823 791 2872 tenet.

72 2904 141 2987 Qui
153 2907 221 2967 sine
233 2907 303 2970 felle
315 2928 419 2970 manes
433 2908 465 2968 in
478 2905 670 2987 simplicitate
683 2904 851 2980 columbae,

112 2999 148 3060 N
151 3021 186 3062 ec
196 3021 320 3083 serpens
329 3002 361 3062 in
373 3015 403 3063 te
416 3002 481 3062 dira
493 3018 610 3063 venena
620 2999 711 3060 soret.

68 3093 200 3155 Aduena
211 3095 237 3155 si
249 3095 364 3171 veniet,
377 3095 507 3178 patriam
519 3106 551 3155 tu
563 3093 662 3155 reddis
676 3103 805 3153 amatam
817 3133 828 3167 ,

115 3185 159 3248 Et
171 3207 229 3271 per
241 3200 273 3253 te
285 3191 424 3272 proprias
435 3188 486 3254 hic
498 3187 589 3251 habet
601 3187 666 3251 exul
679 3205 762 3267 opes.
832 3247 835 3252 .
