2218 3862
320 370 564 426 nonmtnmu
589 347 771 426 i1nnnx.
928 359 993 424 331·

152 463 246 544 Quod
256 461 331 523 mihi
345 463 500 543 perfusum
512 462 602 524 melle
616 465 737 525 dedistis
750 464 824 531 olus.

105 555 178 620 Nec
190 556 285 618 semel
296 569 345 616 aut
355 558 483 632 iterum,
496 558 547 618 sed
560 569 663 636 terque
677 571 839 639 quaterque
847 558 992 638 cucurrit,¹

152 647 246 732 Cujus
257 671 307 710 me
318 661 437 730 poterat
449 670 572 730 pascere
585 651 665 711 solus
678 651 764 712 odor.

106 741 244 804 Portitor
256 744 294 804 ad
307 755 405 803 tantos
418 743 525 803 missus
537 763 600 803 non
614 743 722 806 suflicit
734 765 826 823 unus,

152 834 312 896 Lassarnnt
324 836 412 896 toties
426 835 477 915 qui
488 836 605 896 rediere
620 839 722 916 pedes.

14 995 18 1000 ,
110 929 262 992 Praeterea
274 930 355 991 venit
366 931 473 990 missus
486 950 556 991 cnm
568 930 695 991 collibus
707 931 791 1008 altis,

154 1023 300 1104 Undique
313 1023 425 1086 carnali
435 1023 544 1083 monte¹
550 1023 695 1104 superbus
707 1045 792 1105 apex.

112 1117 242 1179 Deliciis
256 1117 369 1180 cunctis
381 1135 453 1196 quas
466 1129 546 1176 terra
557 1116 606 1178 vel
619 1119 698 1178 unda
711 1119 902 1198 ministrant,

157 1207 344 1291 Compositis
357 1209 454 1290 epulis
464 1209 600 1271 homulus
611 1211 691 1273 intus
701 1225 773 1272 erat.

114 1303 192 1365 Haec
204 1323 259 1386 ego
272 1325 352 1365 nuuc
364 1304 467 1364 avidus
478 1304 617 1384 superavi
629 1297 733 1367 cuncta
743 1306 882 1388 gulosus,

154 1396 197 1457 Et
207 1417 295 1458 mons
305 1410 335 1458 et
347 1397 450 1457 hortus
463 1409 566 1458 ventre
577 1391 696 1459 tenetur
705 1399 794 1460 iners.

113 1487 238 1574 Singula
250 1511 306 1552 nec
318 1491 434 1565 resero,
448 1491 518 1568 qnia
530 1512 580 1552 me
594 1504 644 1551 tua
656 1512 782 1552 munera
794 1492 935 1570 vincunt,

152 1583 203 1644 Ad
216 1583 306 1647 coelos
318 1585 423 1648 victrix
436 1597 465 1644 et
476 1605 568 1664 super
580 1597 657 1644 astra
669 1585 765 1647 voles..

363 1715 416 1765 lx.
440 1711 495 1763 DE
515 1713 664 1765 EADEM
684 1713 751 1765 RE.

116 1789 344 1874 Mummmcns
358 1811 454 1893 epulae
467 1825 648 1874 concurrunt
662 1811 793 1892 undique
807 1811 900 1889 snsae,

159 1907 244 1988 Quid
257 1906 340 1987 prius
351 1905 513 1986 excipiam,
526 1927 575 1967 me
588 1906 686 1967 bonus
699 1927 785 1967 error
795 1906 899 1972 habet.

118 1999 238 2064 carnea
249 2000 327 2059 dona
338 2011 455 2058 tumens
464 2011 581 2080 gravata
594 2011 732 2081 argentea
743 1999 872 2080 perfert,
915 2055 920 2069 ,

158 2092 232 2172 Quo
244 2091 375 2153 nimium
387 2090 492 2171 pingui
500 2091 569 2170 jure
579 2090 698 2151 natabat
711 2091 785 2152 olus.

114 2186 307 2250 Marmoreas
319 2183 415 2244 desert
427 2183 525 2244 discus
538 2184 618 2261 qnod
631 2182 758 2264 gignitur
771 2183 886 2261 hortis,

156 2281 230 2363 Quo
244 2279 319 2340 mihi
331 2276 462 2338 mellitus
475 2273 557 2335 lluxit
569 2276 668 2336 inore
681 2295 781 2356 sapor.

2 2411 3 2452 t
113 2375 262 2437 Intumuit
275 2371 365 2455 pullis
378 2370 473 2432 vitreo
485 2367 607 2430 scutella
620 2381 735 2443 rotatu,

158 2468 318 2532 Subductis
331 2464 439 2548 pennis
453 2482 544 2543 quam
555 2483 645 2546 grave
654 2463 773 2541 pondus
784 2461 886 2524 habet.

116 2562 254 2625 Plurima
266 2560 392 2642 depictis
405 2570 587 2620 concurrunt
599 2576 692 2638 poma
705 2556 859 2634 canistris,

161 2656 303 2737 Quorum
317 2650 496 2713 blandifluus
509 2672 563 2710 me
572 2649 711 2711 saturavit
725 2652 809 2711 odor.

120 2747 195 2811 Olla
209 2748 317 2832 nigella
331 2747 421 2807 nimis
432 2747 482 2806 dat
495 2744 620 2806 candida
633 2743 743 2825 pocula
756 2743 859 2819 lactis,

159 2845 260 2923 Atque
270 2841 400 2922 superba
411 2838 493 2901 venit
507 2859 572 2918 quse
585 2837 734 2919 placitura
743 2838 808 2898 fuit.

119 2935 197 2999 Haec
209 2936 340 2997 dominae
352 2933 441 2993 matri
455 2932 618 3006 famulans,
631 2933 694 2993 haec
708 2952 832 2992 munera
844 2942 939 3010 natae,

159 3031 182 3090 J
185 3043 289 3092 unctus
301 3047 405 3088 amore
417 3026 470 3108 pio
483 3026 586 3086 tertius
599 3025 663 3106 ipse
677 3025 795 3104 loquar.

240 3161 275 3212 X.
298 3157 357 3209 An
375 3154 565 3218 EANDEM,
588 3151 640 3203 DE
661 3153 879 3212 FLORIBUS.

117 3246 263 3332 Rnsmcu
277 3265 414 3343 delicias,
425 3261 494 3325 selis
507 3261 650 3340 conviva,
664 3261 786 3342 beatas,
