2222 3852
301 314 427 400 v.}1.
450 307 857 403 FORTUNATI

360 629 804 734 POEMATUM

402 945 530 1001 LIBER
554 947 761 1005 OCTAVUS.

286 1141 309 1192 1.
326 1141 380 1194 AD
405 1140 692 1196 CHILPERICUM
713 1144 873 1213 ΒΕΕΕΜ,

204 1233 339 1285 onsnuo
360 1233 514 1274 arnonus
533 1233 712 1273 unrnrnco
734 1237 865 1276 unsrun
887 1240 958 1279 rsr.

138 1347 245 1431 Oeno
265 1365 453 1427 sacerdotum
467 1366 695 1446 venerandaque
710 1364 844 1427 culmina
860 1365 999 1446 Christi,

183 1459 272 1541 Quos
285 1460 367 1520 dedit
380 1459 459 1520 alma
472 1460 546 1520 fides
559 1459 716 1543 relligione
729 1473 845 1541 patres:

136 1552 282 1616 Parvulos
295 1567 368 1635 opto
382 1553 465 1634 loqui
477 1553 554 1636 regis
568 1554 720 1633 praeconia
732 1553 820 1632 celsi,

180 1647 322 1710 Subleret
336 1648 431 1731 exigui
442 1648 576 1710 earmina
584 1660 682 1708 vester
695 1667 791 1708 amor.

136 1737 253 1822 lnclyte
264 1761 315 1801 rex
327 1741 419 1800 armis
432 1754 462 1802 ec
471 1742 590 1824 regibus
600 1741 679 1801 edite
694 1741 798 1818 celsis,

179 1833 300 1895 Primus
313 1835 351 1895 ab
364 1832 494 1915 antiquis
507 1835 639 1898 culmina
652 1836 753 1916 prima
768 1857 891 1921 regens,

137 1927 252 1992 Reclor
262 1928 375 1990 habens
385 1932 536 1990 nascendo
547 1931 654 2006 decus,
668 1932 856 1993 moderando
866 1935 1033 2019 sedauges‚

179 2022 230 2084 De
242 2024 341 2085 radice
354 2024 448 2105 patris
459 2023 516 2085 llos
526 2036 665 2107 generate
677 2037 795 2106 potens.

138 2115 268 2197 AEquali
281 2119 358 2180 serie
372 2139 424 2179 vos
437 2117 628 2179 nobilitando
642 2118 791 2194 ficissim,

178 2210 228 2272 Tu
237 2233 329 2296 genus
342 2213 470 2286 ornasti,
485 2226 515 2273 te
526 2233 619 2296 genus
633 2213 791 2273 ornaturi.

137 2303 290 2389 Excepisli
304 2308 416 2368 etenim
429 2306 577 2389 fulgorem
590 2307 629 2367 ab
643 2306 759 2389 origine
771 2306 885 2390 gemis,

181 2399 243 2462 Sed
254 2422 311 2482 per
322 2414 351 2461 le
365 2400 488 2482 proavis
497 2399 642 2481 splendor
654 2399 771 2460 bonore
784 2400 873 2460 redit.

137 2491 184 2556 Te
197 2507 336 2556 nascente
349 2495 429 2576 patri
443 2492 492 2554 lux
505 2493 598 2555 altera
611 2493 742 2554 nascitur
754 2493 841 2569 orbi,

179 2586 326 2648 Nominis
337 2601 367 2649 et
381 2588 482 2649 radios
494 2588 608 2671 spargis
621 2588 732 2666 ubique
745 2606 851 2648 novos.

138 2680 217 2763 Quae
228 2681 346 2763 profert
359 2682 477 2757 oriens,
489 2679 621 2766 Libyes,
634 2701 755 2743 occasus
767 2693 796 2740 et
807 2692 926 2756 arctos,

181 2773 253 2855 Quo
269 2777 348 2857 pede
360 2796 425 2838 uon
434 2776 584 2860 graderis,
598 2789 687 2836 notus
699 2775 816 2837 honore
830 2776 925 2837 vonis.

141 2868 296 2952 Quicquid
308 2870 399 2930 habet
411 2871 540 2930 mundus
553 2871 717 2953 peragrasti
730 2871 854 2930 nomine
867 2870 1033 2956 princeps,

181 2960 288 3026 Curris
302 2976 331 3024 et
343 2963 416 3024 illud
429 2963 487 3024 iter
501 2965 582 3041 quod
595 2976 661 3024 rota
675 2963 747 3024 solis
759 2963 827 3047 agit.

140 3053 270 3139 Cognite
283 3060 345 3138 jam
359 3054 459 3118 Ponto
473 3068 502 3116 et
514 3057 606 3117 rubro
619 3056 788 3139 pelagoque
798 3057 854 3120 sub
866 3054 968 3136 ludo,

179 3145 301 3208 Transit
314 3162 344 3210 et
358 3169 506 3212 occanum
517 3148 631 3234 fulgida
639 3149 720 3212 fama
733 3151 785 3214 lui.
