2230 3838
266 359 509 416 coruturuu
535 355 663 413 uiuus
685 360 725 413 tr.
881 339 938 402 123

95 451 134 513 Et
146 454 276 514 redeunt
287 453 355 515 vitae
367 452 419 533 qui
433 466 554 514 caruere
568 451 627 512 die.

52 545 183 609 Nullum
196 559 266 609 uret
277 559 364 608 cestus
376 546 431 608 sub
443 545 599 607 frondibus
612 543 729 606 arboris
742 541 845 624 hujusz

94 639 180 701 Luna
192 663 251 704 uec
264 640 297 701 iu
309 655 449 716 noctem,
463 640 509 701 sol
523 661 620 719 neque
635 637 772 700 meridie.

53 733 103 796 'l'u
114 734 248 817 plantata
259 737 369 811 micas,
379 755 462 797 secus
475 747 519 796 cst
532 734 584 796 uhi
598 754 699 796 cursus
714 751 873 813 aquarum,

95 827 218 912 Spargis
231 833 264 889 et
275 821 396 890 ornatus
409 827 484 891 ssorc
498 842 618 891 recente
632 847 744 890 comas.

47 921 196 1005 Appensa
210 935 255 984 cst
266 923 333 984 vitis
348 923 427 984 inter
438 935 487 983 tua
501 922 640 998 brachia,
653 924 761 1003 dequo

87 1016 204 1080 Dulcia
217 1017 380 1100 sanguineo
393 1017 463 1079 vina
477 1017 587 1078 rubore
599 1015 704 1080 fluunt.

146 1182 195 1234 tv.
213 1182 255 1232 IN
278 1181 483 1234 HONOREM
507 1181 674 1233 SANCTAE
700 1180 845 1234 CRUCIS

49 1274 116 1312 vn
131 1273 310 1314 outrotur
329 1274 449 1312 nouus
465 1271 646 1313 cccrum
662 1272 750 1313 trun
769 1273 941 1312 ruuouos.

49 1374 185 1458 Vtttrus
200 1393 283 1458 celsa·
294 1395 390 1456 crucis
402 1406 499 1455 totum
512 1394 569 1456 rite
584 1405 711 1476 occupat
725 1395 855 1470 orbem,

91 1491 170 1554 Haec
183 1491 304 1570 quando
318 1489 423 1550 mundi
437 1490 557 1570 perdita.
567 1501 673 1551 cuncta
686 1489 787 1549 refert.

50 1585 207 1667 Quodque
220 1583 301 1644 serus
313 1603 437 1664 serpeus
447 1583 550 1644 infecit
561 1582 631 1644 folle
645 1583 753 1644 veneni
761 1627 776 1658 r

94 1677 208 1743 Christi
219 1676 337 1760 sanguis
350 1677 380 1736 in
391 1677 447 1739 hac
459 1676 545 1738 dulce
559 1676 677 1756 liquore
692 1677 777 1738 lavat.
810 1723 812 1729 ,

44 1773 190 1859 Quaequc
202 1771 268 1856 lupi
282 1770 398 1833 fuerant
409 1771 538 1852 raptoris
551 1772 652 1852 praedo
665 1770 798 1848 ferocis,

90 1869 127 1930 ln
139 1889 230 1932 cruce
244 1864 370 1944 restituit
381 1867 504 1950 virginis
518 1883 610 1952 agnus
621 1883 707 1929 ores.

46 1964 168 2027 Tonsos
180 1965 212 2024 in
225 1963 271 2024 his
283 1963 375 2023 ramis
386 1983 455 2024 cum
469 1962 579 2043 plantis
590 1961 713 2024 bradtio
726 1965 879 2045 pendeus,

88 2056 264 2121 Ecclesiam
274 2056 386 2118 stabitis
398 2056 546 2138 pendulus
560 2056 624 2138 ipsc
638 2078 735 2120 cruce.

43 2152 121 2216 Hoc
131 2152 202 2234 pius
214 2151 246 2211 iu
259 2151 340 2235 liguo
354 2141 663 2233 reparansteperdiia
675 2153 813 2234 pridem,

88 2247 186 2327 Quod
200 2245 285 2307 vetiti
297 2245 370 2332 ligui
386 2245 586 2327 pomotulere
598 2246 682 2307 boui.

46 2339 160 2402 Addita
170 2339 337 2420 quinetiam
349 2340 493 2402 virtutum
505 2338 627 2403 flamma
640 2353 775 2403 coruscat
785 2383 802 2417 ,.

89 2433 183 2496 Dona
192 2435 276 2515 quod
288 2433 439 2516 obsequiis
452 2448 618 2518 cruspcrat
631 2431 696 2517 ipsa
708 2435 777 2497 suis.

46 2527 191 2609 Denique
204 2530 397 2591 sanctacruci
412 2529 476 2592 haec
487 2529 603 2611 templa
617 2519 784 2614 Gregorius
797 2528 908 2607 offert„

89 2620 175 2684 Dum
188 2622 284 2705 pallas
295 2624 429 2706 coperit,
440 2624 523 2708 sigua
535 2624 666 2707 gerendo
681 2625 786 2687 crucis.

44 2714 139 2778 Dona
153 2729 280 2798 repente
293 2718 375 2778 dedit
387 2718 487 2780 divina
501 2718 638 2800 potentia
652 2715 791 2783 Christus
797 2764 812 2797 ‚a

87 2810 164 2874 Mox
176 2811 234 2872 suit
247 2824 277 2873 ct
290 2812 352 2874 voti
365 2833 451 2874 causa
464 2825 564 2875 secuta
576 2813 632 2894 pii.

45 2903 141 2966 Pattia
154 2925 227 2966 uam
241 2906 369 2981 meruit,
383 2921 451 2967 sunt
463 2929 529 2987 quae
541 2928 630 2970 cruce
641 2902 898 2992 textilepulchra,

88 2997 315 3081 Obsequiisquc
329 3000 390 3062 suis
404 3022 473 3063 crux
486 3001 576 3064 habet
589 3000 670 3062 alma
680 3024 793 3066 cruces.

47 3089 149 3156 Serica
159 3113 220 3175 quo
231 3093 327 3156 niveis
339 3108 407 3156 sunt
419 3115 529 3179 agnava
541 3094 745 3177 blatteatciis,

85 3187 127 3251 Et
139 3189 228 3276 textis
241 3189 381 3254 crucibus
395 3192 599 3278 magnificatur
613 3212 698 3274 opus.
