2222 3852
270 198 322 283 V.
364 195 419 280 H.
460 195 863 284 FORTUNATI

356 489 795 600 POEMATUM

391 823 517 878 LIBER
540 824 761 879 SEPTIMUS.

162 1067 183 1120 1.
203 1063 259 1117 DE
275 1064 530 1121 Pultsmonru
547 1068 820 1124 RADEGUNDIS
836 1069 1016 1125 REGINAE.

144 1217 273 1303 Annus
286 1234 373 1298 avido
384 1235 436 1315 qui
447 1235 581 1298 lambitis
594 1256 648 1299 ore
660 1256 829 1307 camoenas,

185 1329 390 1410 Castaliusque
402 1330 510 1413 quibus
521 1330 650 1394 sumitur
660 1344 724 1393 arte
737 1331 853 1412 liquor:

145 1428 233 1510 Quos
246 1426 324 1487 bene
337 1424 416 1487 farre
427 1446 481 1488 suo
495 1424 713 1488 Demosthenis
722 1426 831 1488 horrea
845 1427 963 1506 ditant,

184 1519 299 1603 Largus
310 1531 339 1579 et
351 1518 470 1602 irriguis
483 1519 592 1602 implet
606 1519 762 1582 Homerus
775 1521 870 1600 aquis.

140 1613 270 1677 Fercula
281 1613 343 1676 sive
355 1613 464 1693 quibus
477 1614 535 1674 fert
547 1614 630 1677 dives
642 1627 768 1694 uterque
781 1615 939 1693 minister,

182 1707 300 1768 'l'uliius
314 1728 366 1768 ore
379 1707 497 1781 eibum,
511 1707 620 1789 pocula
632 1708 717 1768 sonte
730 1707 831 1770 Maro.

141 1802 209 1864 Vos
219 1821 339 1880 quoqne
352 1801 403 1880 qui
417 1821 570 1880 nunqnam
583 1801 745 1863 morituras
756 1803 878 1885 carpitis
889 1825 993 1882 escas,

186 1894 275 1974 Quos
287 1894 473 1974 paradisiaco
484 1895 620 1978 germine
633 1892 771 1957 Christus
781 1896 834 1956 alit
846 1921 854 1957 ε

143 1989 289 2052 Facundo
302 1989 415 2050 tonitru
428 1989 577 2071 penetrati
590 1989 641 2068 qni
653 1990 837 2066 retinentur,

181 2081 275 2145 Nunc
285 2082 409 2143 monitis
423 2081 526 2158 Pauli,
539 2095 643 2165 postea
656 2082 738 2144 clare
755 2082 849 2144 Petri.

141 2177 322 2240 Fortunatus
334 2197 389 2261 ego
402 2177 473 2239 hinc
483 2176 592 2237 humili
604 2197 711 2258 prece,
726 2191 801 2239 voce
814 2176 932 2239 saluto:

184 2269 271 2332 ltalia
283 2270 417 2354 genitum
430 2269 549 2333 Gallica
562 2283 755 2331 ruretenent.

146 2363 275 2428 Pietaris
286 2364 418 2426 residens
433 2385 491 2444 qua
503 2376 620 2426 sanctus
634 2362 771 2424 Hilarius
784 2363 860 2424 olim

187 2459 286 2520 Natus
297 2460 329 2518 in
340 2458 415 2519 urbe
427 2459 499 2534 fuit,
514 2470 603 2520 notus
614 2459 646 2518 in
659 2458 733 2519 orbe
746 2469 851 2539 pater,

147 2550 272 2632 Eloquii
283 2563 422 2614 currente
432 2563 499 2612 rota
510 2553 678 2632 penetravit
690 2552 728 2612 ad
741 2549 850 2626 Indos,

188 2643 373 2728 Ingenioque
387 2657 495 2726 potens
507 2644 614 2705 ultima
627 2643 725 2705 Thule
738 2643 820 2706 colit.

26 2741 29 2760 '
148 2737 338 2801 Perfundens
349 2750 469 2799 cunctas
481 2738 545 2800 viee
559 2738 631 2799 solis
643 2737 758 2798 lumine
771 2750 884 2812 terras,

192 2829 287 2915 Cujus
297 2832 377 2891 dona
391 2828 496 2907 Sacae,
509 2829 617 2906 Persa,
630 2830 793 2892 Britannus
806 2829 905 2891 habet.

151 2923 333 2990 christicola
345 2921 499 3010 Scythicas
510 2925 616 2986 laxavit
627 2925 745 2986 honore
758 2922 899 3005 pruinas,

191 3018 343 3105 Dogmate
356 3017 483 3087 ferventi
497 3017 604 3104 frigida
617 3019 709 3084 corda
722 3015 828 3086 calent.
