2230 3838
280 373 521 428 POEMATUM
541 373 669 430 LIBER
691 377 735 432 11.
895 382 949 422 tat

226 465 331 527 Arbor
342 467 452 528 decora
464 477 493 527 et
506 463 635 549 fulgida,

187 559 310 622 Ornata
322 561 401 643 regis
413 579 566 642 purpura,

132 717 134 722 ,
187 653 296 717 Electa
309 655 399 737 digno
411 653 514 734 stipite

189 747 269 808 'l'am
284 760 385 809 sancta
397 747 535 808 membra
548 761 680 832 tangere.

232 841 349 917 Beata,
365 844 446 924 cujus
459 839 591 903 brachiis

189 935 329 998 Pretium
341 936 487 1018 pependit
499 935 610 1011 seculi,

192 1029 312 1093 Statera
325 1031 401 1094 facta
415 1044 459 1092 est
471 1031 629 1112 eorporis,

191 1123 332 1186 Praedam
346 1125 471 1206 tulitque
485 1125 602 1186 tartari.

236 1218 354 1280 Aroma
366 1219 466 1280 fundis
480 1218 611 1294 cortice,

192 1311 304 1375 Vincis
315 1333 456 1394 saporem
470 1312 617 1389 nectaris,

192 1406 218 1466 J
220 1409 338 1469 nounda
349 1407 445 1469 fructu
459 1406 551 1470 fertili

196 1499 322 1562 Plaudis
335 1501 490 1582 triumpho
504 1498 612 1562 nobili.

239 1592 328 1654 Salve
343 1613 410 1668 ara,
426 1594 505 1655 salve
517 1594 658 1668 victima,

195 1685 249 1749 De
262 1687 410 1769 passionis
422 1687 536 1770 gloria,

198 1781 272 1860 Qua
284 1783 345 1843 vita
358 1794 490 1844 mortem
502 1779 643 1863 pertulit,

195 1873 239 1936 Er
252 1889 351 1937 morte
362 1874 454 1938 vitam
467 1873 608 1937 reddidit.

273 2039 330 2090 lll.
355 2039 410 2090 DE
439 2037 577 2091 CRUCE
600 2038 770 2093 DOMINI.

67 2151 195 2236 Pnnott
208 2171 309 2257 lingua
320 2173 445 2256 gloriosi
457 2171 596 2256 praelium
610 2171 800 2250 certaminis,=

68 2267 113 2330 Et
123 2288 218 2351 super
230 2268 326 2330 erneis
337 2269 474 2350 trophaeo
487 2267 537 2330 dic
549 2267 738 2349 triumphum
751 2265 904 2344 nobilem,

70 2361 218 2442 Qualiter
228 2363 405 2443 redemptor
417 2362 500 2423 orbis
510 2360 683 2422 immolatus
696 2359 810 2422 vicerit.

113 2453 167 2517 De
180 2455 314 2537 parentis
327 2456 507 2539 protoplasti
520 2456 623 2517 frande
641 2455 718 2518 lacta
730 2453 911 2532 condolens,

71 2548 212 2631 Quando
225 2550 314 2632 pomi
325 2551 451 2613 noxialis
463 2571 567 2612 morsu
581 2551 614 2610 in
625 2563 757 2611 mortem
769 2551 899 2629 corruit,

69 2642 143 2726 lpse
157 2643 276 2727 lignum
289 2655 360 2707 tunc
371 2645 502 2720 notarit,
516 2646 625 2706 damna
636 2643 710 2728 ligni
723 2657 755 2705 ot
768 2645 906 2708 solveret.

115 2737 192 2799 Hor
205 2757 283 2819 opus
293 2751 402 2800 nostre
411 2739 514 2801 salutis
526 2740 601 2799 ordo
616 2740 851 2821 depoposcerat,

67 2829 280 2893 Multilormis
291 2833 456 2914 proditoris
467 2854 516 2896 ars
529 2847 561 2895 ut
571 2847 668 2896 artem
681 2833 814 2912 falleret,

66 2923 112 2986 Et
124 2924 286 2987 medelam
298 2927 390 2990 ferret
403 2928 474 2989 inde
486 2929 579 2990 hostis
591 2929 671 2991 unde
683 2927 807 2992 laeserat.

113 3017 256 3100 Quaado
268 3021 351 3083 venit
363 3043 434 3108 ergo
447 3022 524 3086 sacri
535 3022 692 3105 plenitudo
702 3024 869 3106 temporisJ

66 3113 190 3177 Missus
203 3128 249 3178 est
259 3116 376 3181 abarce
388 3119 482 3201 patris
494 3133 598 3196 natus,
613 3119 695 3182 orbis
708 3120 866 3196 conditor,

64 3208 177 3292 Atque
189 3222 295 3272 ventre
307 3212 444 3298 virginali
457 3233 546 3278 carne
558 3212 652 3277 factus
664 3214 788 3296 prodiit.

789 3329 802 3366 1
810 3329 823 3366 1
