2230 3838
139 287 197 364 148
388 299 421 351 V.
448 302 481 354 H.
508 302 759 358 FORTUNATI

176 393 281 455 Altera
294 411 349 456 nec
363 392 472 456 mulier
486 397 577 458 corde
591 411 714 479 recepta
729 398 795 459 fuit.

136 488 227 550 Hanc
241 488 352 563 oculis,
364 489 468 550 animo
482 491 593 552 retines
607 505 636 552 et
649 494 740 554 corde
754 494 884 575 pudico,

176 581 269 643 Unde
282 583 338 643 tibi
348 584 467 664 nupsit,
480 584 591 646 castior
603 585 675 648 inde
686 600 801 650 monet.

135 676 191 737 1113
204 677 259 737 tibi
272 676 393 758 prolem
408 679 545 760 peperit,
561 681 613 742 sed
628 701 757 762 corpore
770 683 872 767 virgo,

176 769 217 830 Et
230 770 379 852 populum
392 773 508 855 gremio
522 773 598 834 fudit
610 788 708 835 amate
719 788 781 837 tuo.
845 802 847 806 ¹

134 863 215 927 Ecce
228 877 294 926 tuos
305 879 390 927 natos
403 867 504 930 divina
517 889 551 929 ox
564 871 688 953 conjuge
702 883 857 952 sumptos,

175 959 217 1020 Et
229 963 321 1021 modo
334 974 363 1023 te
376 963 522 1044 gaudent,
539 985 614 1044 quos
627 965 721 1046 patris
735 965 842 1026 umbra
857 965 941 1048 tegit.

134 1053 256 1136 Proque
270 1056 363 1117 salute
371 1058 468 1142 gregis
481 1072 584 1140 pastor
597 1069 654 1140 p‘er
667 1061 801 1140 compita
814 1060 926 1137 curris,

175 1149 363 1231 Exclusoque
377 1150 450 1233 lupo
462 1164 524 1212 tuta
536 1165 654 1215 tenetur
668 1154 743 1215 ovis.

133 1243 327 1306 insidiatores
340 1267 478 1307 remores
492 1247 561 1330 vigit
572 1261 636 1308 arte
649 1247 835 1324 Britannos,

175 1338 298 1399 Nullius
311 1360 396 1400 arma
409 1339 525 1417 valent,
540 1342 622 1420 quod
633 1354 686 1403 tua
698 1342 798 1426 lingua
811 1342 891 1405 facit.

133 1431 181 1494 Tu
195 1455 314 1515 quoque
326 1435 434 1517 jejunis
446 1436 530 1498 cibus
544 1457 592 1513 es,
608 1448 640 1496 tu
652 1436 740 1518 panis
753 1439 869 1522 egenti,

176 1524 255 1605 Qua}
266 1528 323 1588 sibi
336 1529 460 1609 quisque
476 1529 576 1612 cupit,
591 1529 642 1592 hie
655 1550 708 1592 333
720 1543 791 1593 vota
804 1530 895 1592 videt.

132 1620 264 1682 Divitias
280 1623 420 1703 proprias
435 1623 466 1684 in
479 1624 622 1706 pauperis
636 1645 689 1686 ore
703 1624 862 1700 recondis,
960 1661 962 1664 ·

148 1750 149 1754 =
176 1713 287 1800 bargas
299 1717 431 1778 mendici
445 1730 550 1779 ventre
563 1718 687 1799 reponis
700 1739 784 1800 opes.

132 1808 288 1890 Tempore
302 1830 362 1888 quo
376 1810 475 1872 veniet
491 1808 649 1888 Christus,
664 1825 735 1874 tunc
749 1810 853 1872 omnia
866 1810 978 1891 vobis,

174 1902 198 1965 J
200 1902 294 1966 udicis
306 1904 338 1963 in
351 1903 427 1966 socie
445 1905 579 1974 sacculus
591 1905 646 1967 iste
660 1907 763 1967 refert.

134 1997 187 2061 Sic
199 1998 254 2059 tibi
268 1997 323 2058 fixe
336 1997 413 2059 33133
425 2018 605 2060 numerosos
617 1998 721 2080 ampla
733 2021 790 2082 per
803 2019 919 2076 annos,

177 2090 330 2176 Perpetuo
342 2093 412 2154 felix
423 2093 566 2170 nomine,
582 2106 700 2175 mente,
714 2094 783 2156 tide.

235 2262 301 2316 VII.
323 2260 376 2313 DE
395 2251 740 2352 RESURRECTIONE
765 2262 929 2329 DOMINI,

357 2353 396 2390 33
421 2351 573 2392 33333333
596 2351 805 2394 3333333333.

136 2452 250 2537 suove
262 2474 335 2536 festa
347 2476 410 2536 dies
423 2488 487 2536 toto
501 2474 682 2538 venerabilis
695 2497 776 2552 aer0,

178 2567 250 2648 Qua
262 2567 348 2631 Deus
361 2571 513 2632 infernum
527 2569 615 2645 vicit,
631 2582 660 2630 et
674 2581 751 2630 astra
766 2583 857 2632 tenet.

136 2662 219 2725 Ecce
234 2665 417 2726 renascentis
429 2677 553 2726 testatur
564 2663 657 2748 gretia
671 2664 794 2740 mundi,

178 2756 295 2817 Omnia
308 2778 377 2818 cum
390 2759 516 2820 domino
530 2758 610 2819 dona
621 2758 733 2819 redisse
746 2778 811 2819 suo.

136 2849 292 2932 Tempora
303 2849 444 2936 florigero
456 2852 579 2913 rutilant
592 2851 730 2914 distincta
743 2872 866 2930 sereno,

177 2943 220 3004 Et
232 2947 347 3028 majore
363 2946 428 3027 poli
441 2946 555 3009 lumine
569 2958 657 3028 porte
668 2958 759 3026 patet.

136 3039 236 3100 Altius
248 3039 434 3123 ignivomum
447 3038 542 3102 solem
557 3039 625 3104 ooeli
638 3039 736 3101 orbita
749 3039 848 3116 ducit,

180 3131 244 3212 Qui
257 3154 344 3218 vagus
357 3155 483 3198 oceanas
497 3134 554 3197 exit
567 3146 597 3196 et
608 3135 698 3196 intrat
708 3155 809 3215 aquas.
