2222 3852
156 331 214 398 188
413 351 448 406 v.
473 353 509 406 n.
535 351 785 407 nonnunnrr

194 437 268 519 Quo
281 452 414 502 veterem
428 463 572 519 renoves,
586 445 709 506 credere
723 444 803 506 disce
815 462 916 505 senex.

150 532 262 596 Laetea
275 536 399 597 canities
412 539 507 620 sapiat
520 541 635 621 majora
646 539 766 619 juventa
775 583 790 633 ,ι

193 626 325 690 Sensum
338 650 419 711 pone
433 652 572 714 gravem,
586 653 645 711 quo
659 631 776 712 puerile
789 632 852 693 suit.

149 719 226 784 Non
240 725 349 804 pudeat
361 725 489 786 meliora
500 726 584 804 sequi
596 725 643 787 vel
656 727 740 785 tarda
752 737 898 800 vetustas,

194 812 336 898 Corpore
349 817 491 880 deficiens
502 813 621 881 crescat¹
627 819 745 880 honore
758 839 854 880 senex.

149 905 206 969 Est
221 910 321 987 Deus,
335 911 394 973 alta
405 913 497 988 fides,
511 934 587 974 unus
601 914 675 989 tria,
689 913 785 974 trinus
798 924 828 974 et
841 919 938 988 unus,

193 1001 336 1066 Perennis
349 1007 484 1088 propriis
497 1015 553 1068 stat
566 1008 661 1069 tribus
674 1027 751 1068 unus
764 1027 848 1089 apex.

149 1098 234 1163 Nam
247 1113 333 1182 pater
346 1102 519 1184 engenius,
534 1122 654 1182 quoque
663 1114 780 1163 sanctus
792 1101 916 1184 spiritus
930 1101 1029 1162 idem:

181 1237 182 1240 η
193 1193 247 1257 Sic
259 1196 354 1256 tribus
367 1209 412 1256 est
423 1217 517 1257 unum
528 1198 590 1278 jus,
603 1217 698 1276 opus,
713 1196 807 1271 ordo,
821 1196 960 1256 thronus.

149 1285 273 1372 Legifer
284 1288 345 1352 hoc
356 1291 476 1366 reboat,
489 1291 658 1372 patriarcha
671 1290 730 1352 hoc
742 1290 836 1352 credit
846 1288 1028 1368 Abraham,

193 1382 279 1446 Hinc
291 1395 377 1466 paler
390 1398 433 1446 est
446 1385 552 1460 nobis,
565 1398 609 1446 est
622 1385 691 1465 quia
703 1397 807 1445 nostra
820 1385 903 1446 fides.

149 1475 227 1539 Tres
241 1479 321 1540 videt
333 1478 481 1558 aequales,
495 1500 590 1540 unum
603 1491 761 1541 veneratus
772 1479 896 1555 adorat,

194 1571 303 1633 Unum
316 1593 390 1636 voce
404 1586 507 1658 rogat,
521 1588 582 1635 tres
594 1593 716 1653 quoque
727 1573 815 1654 pel‘ve
829 1573 920 1634 lavat.

155 1663 208 1729 sic
221 1679 329 1748 patruo
341 1668 448 1728 similis
464 1667 542 1729 Loth
555 1667 679 1748 suscipit
690 1667 800 1748 hospes
814 1679 936 1742 euntes,

194 1757 283 1839 Quos
296 1760 375 1822 cibat
388 1761 420 1820 in
435 1758 594 1838 Sodomis,
605 1761 638 1821 hi
651 1781 778 1842 rapuere
791 1758 897 1844 Segor.

154 1851 237 1916 Cum
248 1873 266 1915 a
278 1855 406 1916 domino
414 1857 554 1918 dominns
562 1855 640 1939 pluit
652 1857 757 1939 ignem
766 1853 1043 1930 triste-Gomorra,

193 1947 292 2010 Filius
303 1962 332 2011 et
344 1964 430 2031 pater
444 1963 487 2011 est
498 1971 518 2011 a
529 1951 656 2011 domino
671 1950 821 2011 dominus.

154 2041 220 2123 Qui
233 2056 319 2120 tuus,
332 2045 398 2126 ipse
412 2066 515 2122 meus,
530 2057 586 2105 stat
600 2045 740 2106 conditor
753 2057 840 2124 atque
852 2057 997 2122 creator,

194 2136 294 2221 Hujus
306 2139 421 2220 plasma
432 2159 553 2214 sumus,
567 2139 618 2219 qui
632 2151 676 2198 est
687 2139 820 2199 trinitate
833 2136 932 2199 Deus.

151 2228 254 2293 Unius
267 2234 335 2294 estis
349 2253 433 2309 oves,
447 2234 507 2294 heu
519 2254 572 2295 cur
585 2253 647 2292 non
660 2232 761 2292 uniter
774 2232 844 2293 itis?

194 2324 242 2387 Sit
255 2349 327 2412 rogo
341 2349 516 2412 grendona,
531 2340 633 2409 pastor
647 2339 678 2386 ut
692 2347 768 2388 onus
782 2326 875 2386 adest.

151 2418 311 2483 Rennuis?
323 2443 360 2484 an
373 2422 484 2484 recolis
495 2423 580 2501 quod
587 2441 683 2484 canna
691 2419 841 2482 Dauidica
853 2419 986 2503 pangit,

194 2513 348 2595 Quodque
361 2515 531 2596 prophetali
544 2515 660 2598 virgine
673 2514 759 2575 ioetus
771 2514 850 2596 agit?

151 2605 188 2667 ln
203 2629 291 2670 cruce
304 2609 458 2670 transfixus
470 2608 579 2691 palmis
593 2608 785 2689 pedibusque
791 2605 961 2689 pependit,

195 2698 257 2762 Sed
272 2716 413 2784 corrupta
426 2722 496 2765 caro
511 2723 573 2762 non
586 2702 643 2762 fuir
656 2722 691 2762 ex
702 2701 829 2763 tumulo.

151 2791 227 2856 Post
239 2797 377 2858 triduum¹
385 2818 539 2873 remeans,
552 2809 634 2856 sanat
647 2817 703 2856 uos
716 2796 840 2859 vulnere
854 2795 947 2879 longo
959 2839 977 2872 r

197 2886 292 2968 Quod
307 2892 396 2952 rediit
409 2893 508 2969 coelis,
522 2891 603 2952 testis
617 2903 647 2950 et
660 2890 715 2952 ista
728 2891 801 2952 dies.

156 2980 256 3046 Crede
271 2986 347 3047 meis
356 3007 391 3050 ac
403 2989 491 3050 crede
505 2985 583 3059 tuis,
598 2984 734 3046 convicta
747 2996 906 3060 senectus,

199 3073 232 3136 si
247 3077 322 3162 sugis
333 3099 368 3142 ae
381 3081 530 3161 trepidas,
543 3076 667 3160 negligis
678 3078 732 3140 ista
746 3079 855 3162 legens.

155 3165 504 3239 Proerahimusverbum.
511 3171 665 3238 breuitatis
677 3184 818 3256 ternpore
832 3171 982 3256 longum,
