2230 3838
136 239 195 302 150
383 253 415 306 V.
445 255 481 307 ll.
505 251 750 306 FORTUNATI

130 343 262 428 Legibus
274 344 384 405 insemi
398 344 550 426 oppressis
560 363 652 425 super
664 355 742 402 astra
755 353 931 419 meantem,

171 437 309 498 Laudant
322 438 378 499 rite
390 437 494 499 Deum
507 438 573 512 lux,
588 437 692 518 polus,
705 457 791 511 arva,
808 437 934 498 fretum.

131 533 196 613 Qui
212 533 366 595 crucifixus
380 545 443 592 erat
455 530 541 592 Deus
553 553 623 593 ecce
636 552 693 612 per
707 530 811 592 omnia
820 544 953 615 regnat,

171 627 314 707 Dantque
326 627 455 689 creatori
468 639 574 689 cuncta
587 638 687 688 creata
698 647 831 706 precem.

129 720 283 782 Nobilitas
294 722 384 795 anni,
399 721 549 780 mensium
563 723 671 796 decus,
684 719 764 780 alma
778 721 915 796 dierum,

170 813 326 874 Horarum
341 814 501 895 splendor,
515 814 647 895 scripula
660 827 766 876 cuncta
779 815 894 876 fovens.

129 908 214 970 Hinc
226 909 283 969 tibi
295 907 377 993 sylva
387 908 484 970 comis
496 908 631 990 plaudit,
646 908 717 970 hinc
730 928 855 989 campus
868 908 999 987 aristis,

169 1002 253 1064 Hinc
261 1014 357 1086 grates
371 1002 462 1063 tacito
475 1002 605 1083 palmite
614 1002 681 1064 vitis
697 1002 768 1085 agit.

128 1093 180 1159 Sic
190 1097 247 1157 tibi
260 1117 341 1158 nunc
354 1096 454 1156 avium
468 1109 589 1156 resonat
601 1095 726 1179 virgulta
738 1116 879 1172 susurro,

168 1189 234 1251 Has
247 1191 326 1250 inter
336 1189 479 1250 minimus
493 1210 596 1270 passer
609 1210 715 1250 amore
731 1209 817 1250 cano.

127 1280 248 1346 Christe
260 1284 338 1344 salus
349 1304 469 1359 rerum,
482 1283 563 1344 bone
576 1284 716 1346 conditor
725 1296 813 1364 atque
826 1285 1039 1367 redemptor,

167 1378 270 1441 Unica
282 1379 440 1461 progenies
453 1399 488 1438 ex
501 1378 610 1438 deitate
626 1379 728 1459 patris.

121 1472 350 1536 Irrecitabiliter
361 1492 487 1532 manans
500 1473 537 1532 de
552 1473 643 1533 corde
657 1471 809 1553 parentis,

162 1567 302 1628 Verbum
313 1566 491 1642 subsistens,
506 1579 536 1627 et
548 1579 710 1647 penetrare
724 1579 843 1647 potens.

120 1660 283 1740 quualis,
298 1680 440 1734 concors,
455 1660 554 1720 socius
567 1672 735 1741 compatre
750 1680 886 1735 coaevus,

162 1753 236 1833 Quo
250 1753 377 1833 sumpsit
390 1755 519 1815 mundus
533 1753 673 1834 principe
686 1753 882 1834 principium.

120 1845 251 1909 AEthera
264 1849 437 1930 suspendis,
451 1848 515 1908 sola
529 1848 681 1930 congeris,
696 1867 817 1927 aequora
830 1848 952 1924 fundiS,

163 1940 300 2023 Quaeque
313 1941 388 2004 locis
401 1943 552 2016 habitant,
568 1962 629 2021 quo
642 1944 819 2004 moderante
831 1943 945 2025 rigent.

121 2033 186 2114 Qui
197 2057 290 2118 genus
301 2037 467 2097 humanum
481 2057 607 2098 cernens
619 2057 753 2097 mersum
766 2057 829 2098 esse
840 2037 1030 2118 profundo,
1112 2035 1113 2040 ¹

161 2127 207 2189 Ut
220 2131 376 2190 hominem
390 2130 539 2211 eriperes,
555 2151 586 2190 es
600 2150 719 2210 quoque
734 2131 827 2193 lactus
839 2132 948 2194 home.

117 2222 188 2285 Nec
201 2224 321 2286 voluisti
334 2225 447 2286 etenim
461 2237 577 2284 tantum
590 2237 620 2284 te
635 2244 767 2306 corpore
780 2225 879 2303 nasci,

161 2315 223 2379 Sed
234 2340 305 2381 caro
318 2342 383 2400 quae
397 2319 479 2381 nasci
493 2318 635 2400 pertulit,
650 2331 738 2398 atque
753 2320 843 2380 mori.

117 2411 248 2474 Funeris
261 2415 398 2493 exequias
409 2413 520 2494 pateris
533 2413 600 2472 vitae
611 2424 715 2473 auctor
727 2426 758 2473 et
770 2413 868 2490 orbis,
1077 2398 1089 2465 ι’

158 2506 257 2568 lntras
271 2508 377 2570 mortis
390 2508 448 2567 iter
463 2508 563 2566 dando
578 2505 679 2566 salutis
692 2526 795 2587 opem.

116 2597 229 2660 Tristia
242 2615 392 2662 cesserunt
406 2601 532 2662 infernae
545 2600 663 2662 vincula
676 2600 765 2684 legis,

158 2691 346 2775 Expavitque
362 2693 464 2756 Chaos
477 2694 600 2754 luminis
614 2714 668 2755 ore
683 2694 792 2775 premi.

115 2785 296 2868 Depereunt
309 2789 439 2849 tenebrae
456 2787 569 2851 Christi
583 2788 698 2871 fulgore
713 2787 836 2872 fugatae,

158 2879 200 2940 Et
210 2881 297 2942 terris
310 2883 408 2945 noctis
421 2883 513 2964 pallia
525 2902 622 2943 crassa
635 2883 754 2943 cadunt.

116 2971 289 3038 Pollicitam
301 2978 353 3038 sed
366 2979 457 3038 redde
471 2976 562 3036 fidem
575 2996 685 3056 precor
699 2975 779 3035 alma
792 2986 942 3058 potestat,

157 3067 262 3132 Tertia
273 3069 321 3132 lux
334 3071 438 3148 rediit,
453 3090 538 3154 surge
552 3069 668 3153 sepulte
682 3089 776 3132 meus.
