<?xml version="1.0" encoding="UTF-8"?>
<!DOCTYPE html PUBLIC "-//W3C//DTD XHTML 1.0 Transitional//EN"
    "http://www.w3.org/TR/xhtml1/DTD/xhtml1-transitional.dtd">
<html xmlns="http://www.w3.org/1999/xhtml" xml:lang="en" lang="en">
 <head>
  <title>
</title>
<meta http-equiv="Content-Type" content="text/html;charset=utf-8" />
  <meta name='ocr-system' content='tesseract 3.04.00' />
  <meta name='ocr-capabilities' content='ocr_page ocr_carea ocr_par ocr_line ocrx_word'/>
</head>
<body>
  <div class='ocr_page' id='page_1' title='image "./venantiihonorii00unkngoog_0305.png"; bbox 0 0 2218 3862; ppageno 0'>
   <div class='ocr_carea' id='block_1_1' title="bbox 170 273 952 394">
    <p class='ocr_par' dir='ltr' id='par_1_1' title="bbox 170 273 952 394">
     <span class='ocr_line' id='line_1_1' title="bbox 170 273 952 394; baseline 0.012 -32"><span class='ocrx_word' id='word_1_1' title='bbox 170 273 174 280; x_wconf 68' lang='grc'><strong>’</strong></span> <span class='ocrx_word' id='word_1_2' title='bbox 263 310 765 371; x_wconf 76' lang='lat' dir='ltr'><strong>nouulrunurnnnvur.</strong></span> <span class='ocrx_word' id='word_1_3' title='bbox 893 309 952 394; x_wconf 82' lang='lat'><strong>289</strong></span> 
     </span>
    </p>
   </div>
   <div class='ocr_carea' id='block_1_2' title="bbox 69 396 948 1239">
    <p class='ocr_par' dir='ltr' id='par_1_2' title="bbox 115 396 720 487">
     <span class='ocr_line' id='line_1_2' title="bbox 115 396 720 487; baseline 0.017 -28"><span class='ocrx_word' id='word_1_4' title='bbox 115 396 160 460; x_wconf 85' lang='lat' dir='ltr'><strong>Ut</strong></span> <span class='ocrx_word' id='word_1_5' title='bbox 172 400 290 462; x_wconf 85' lang='lat' dir='ltr'><strong>veniant</strong></span> <span class='ocrx_word' id='word_1_6' title='bbox 301 403 388 462; x_wconf 90' lang='lat' dir='ltr'><strong>terris</strong></span> <span class='ocrx_word' id='word_1_7' title='bbox 401 403 463 464; x_wconf 84' lang='lat' dir='ltr'><strong>haec</strong></span> <span class='ocrx_word' id='word_1_8' title='bbox 476 405 527 484; x_wconf 84' lang='lat' dir='ltr'><strong>pia</strong></span> <span class='ocrx_word' id='word_1_9' title='bbox 539 405 618 466; x_wconf 85' lang='lat' dir='ltr'><strong>dona</strong></span> <span class='ocrx_word' id='word_1_10' title='bbox 632 407 720 487; x_wconf 90' lang='lat' dir='ltr'><strong>polis.</strong></span> 
     </span>
    </p>

    <p class='ocr_par' dir='ltr' id='par_1_3' title="bbox 70 493 827 681">
     <span class='ocr_line' id='line_1_3' title="bbox 70 493 780 583; baseline 0.014 -28"><span class='ocrx_word' id='word_1_11' title='bbox 70 493 153 555; x_wconf 82' lang='lat' dir='ltr'><strong>Aera</strong></span> <span class='ocrx_word' id='word_1_12' title='bbox 165 496 312 577; x_wconf 83' lang='lat' dir='ltr'>temperie</span> <span class='ocrx_word' id='word_1_13' title='bbox 325 495 441 556; x_wconf 77' lang='lat' dir='ltr'><strong>faveant</strong></span> <span class='ocrx_word' id='word_1_14' title='bbox 452 497 525 574; x_wconf 87' lang='lat' dir='ltr'><strong>tibi,</strong></span> <span class='ocrx_word' id='word_1_15' title='bbox 538 511 678 580; x_wconf 87' lang='lat' dir='ltr'><strong>tempora</strong></span> <span class='ocrx_word' id='word_1_16' title='bbox 691 522 780 583; x_wconf 79' lang='lat' dir='ltr'><strong>paee,</strong></span> 
     </span>
     <span class='ocr_line' id='line_1_4' title="bbox 113 587 827 681; baseline 0.02 -34"><span class='ocrx_word' id='word_1_17' title='bbox 113 587 262 671; x_wconf 81' lang='lat' dir='ltr'>Frugibus</span> <span class='ocrx_word' id='word_1_18' title='bbox 274 609 343 650; x_wconf 77' lang='lat' dir='ltr'><strong>arva</strong></span> <span class='ocrx_word' id='word_1_19' title='bbox 356 590 485 665; x_wconf 82' lang='lat' dir='ltr'><strong>micent,</strong></span> <span class='ocrx_word' id='word_1_20' title='bbox 499 592 611 653; x_wconf 81' lang='lat' dir='ltr'><strong>foedera</strong></span> <span class='ocrx_word' id='word_1_21' title='bbox 625 615 714 678; x_wconf 79' lang='lat' dir='ltr'><strong>regna</strong></span> <span class='ocrx_word' id='word_1_22' title='bbox 727 598 827 681; x_wconf 89' lang='lat' dir='ltr'><strong>ligent.</strong></span> 
     </span>
    </p>

    <p class='ocr_par' dir='ltr' id='par_1_4' title="bbox 70 679 743 864">
     <span class='ocr_line' id='line_1_5' title="bbox 70 679 743 767; baseline 0.016 -27"><span class='ocrx_word' id='word_1_23' title='bbox 70 679 113 740; x_wconf 90' lang='lat' dir='ltr'><strong>Et</strong></span> <span class='ocrx_word' id='word_1_24' title='bbox 125 682 256 744; x_wconf 88' lang='lat' dir='ltr'><strong>domitos</strong></span> <span class='ocrx_word' id='word_1_25' title='bbox 269 702 375 744; x_wconf 90' lang='lat' dir='ltr'><strong>omnes</strong></span> <span class='ocrx_word' id='word_1_26' title='bbox 385 685 494 745; x_wconf 79' lang='lat' dir='ltr'><strong>tuearis</strong></span> <span class='ocrx_word' id='word_1_27' title='bbox 508 706 611 747; x_wconf 83' lang='lat' dir='ltr'><strong>amore</strong></span> <span class='ocrx_word' id='word_1_28' title='bbox 626 689 743 767; x_wconf 87' lang='lat' dir='ltr'><strong>fideles,</strong></span> 
     </span>
     <span class='ocr_line' id='line_1_6' title="bbox 113 772 731 864; baseline 0.019 -30"><span class='ocrx_word' id='word_1_29' title='bbox 113 772 163 835; x_wconf 84' lang='lat' dir='ltr'><strong>sis</strong></span> <span class='ocrx_word' id='word_1_30' title='bbox 175 797 293 855; x_wconf 88' lang='lat' dir='ltr'><strong>quoque</strong></span> <span class='ocrx_word' id='word_1_31' title='bbox 307 777 459 839; x_wconf 72' lang='lat' dir='ltr'><strong>catholicis</strong></span> <span class='ocrx_word' id='word_1_32' title='bbox 470 779 635 862; x_wconf 81' lang='lat' dir='ltr'><strong>relligionis</strong></span> <span class='ocrx_word' id='word_1_33' title='bbox 648 803 731 864; x_wconf 82' lang='lat' dir='ltr'><strong>apex.</strong></span> 
     </span>
    </p>

    <p class='ocr_par' dir='ltr' id='par_1_5' title="bbox 71 864 902 1045">
     <span class='ocr_line' id='line_1_7' title="bbox 71 864 902 962; baseline 0.023 -35"><span class='ocrx_word' id='word_1_34' title='bbox 71 864 215 929; x_wconf 88' lang='lat' dir='ltr'><strong>Summus</strong></span> <span class='ocrx_word' id='word_1_35' title='bbox 227 869 325 929; x_wconf 87' lang='lat' dir='ltr'><strong>honor</strong></span> <span class='ocrx_word' id='word_1_36' title='bbox 336 871 413 954; x_wconf 90' lang='lat' dir='ltr'><strong>regis</strong></span> <span class='ocrx_word' id='word_1_37' title='bbox 426 894 582 953; x_wconf 87' lang='lat' dir='ltr'><strong>perquem</strong></span> <span class='ocrx_word' id='word_1_38' title='bbox 596 877 744 940; x_wconf 84' lang='lat' dir='ltr'><strong>donantur</strong></span> <span class='ocrx_word' id='word_1_39' title='bbox 753 881 902 962; x_wconf 84' lang='lat' dir='ltr'>honores,</span> 
     </span>
     <span class='ocr_line' id='line_1_8' title="bbox 113 961 745 1045; baseline 0.017 -22"><span class='ocrx_word' id='word_1_40' title='bbox 113 961 174 1023; x_wconf 87' lang='lat' dir='ltr'><strong>Cui</strong></span> <span class='ocrx_word' id='word_1_41' title='bbox 186 962 318 1045; x_wconf 82' lang='lat' dir='ltr'><strong>lougaeva</strong></span> <span class='ocrx_word' id='word_1_42' title='bbox 330 965 393 1026; x_wconf 89' lang='lat' dir='ltr'><strong>dies</strong></span> <span class='ocrx_word' id='word_1_43' title='bbox 404 973 519 1028; x_wconf 81' lang='lat' dir='ltr'><strong>constet</strong></span> <span class='ocrx_word' id='word_1_44' title='bbox 530 980 560 1028; x_wconf 91' lang='lat' dir='ltr'><strong>et</strong></span> <span class='ocrx_word' id='word_1_45' title='bbox 571 968 650 1030; x_wconf 81' lang='lat' dir='ltr'><strong>alrna</strong></span> <span class='ocrx_word' id='word_1_46' title='bbox 662 971 745 1034; x_wconf 88' lang='lat' dir='ltr'><strong>fides.</strong></span> 
     </span>
    </p>

    <p class='ocr_par' dir='ltr' id='par_1_6' title="bbox 69 1053 948 1239">
     <span class='ocr_line' id='line_1_9' title="bbox 69 1053 948 1150; baseline 0.023 -36"><span class='ocrx_word' id='word_1_47' title='bbox 69 1053 205 1140; x_wconf 77' lang='lat' dir='ltr'><strong>Regibus</strong></span> <span class='ocrx_word' id='word_1_48' title='bbox 216 1077 321 1117; x_wconf 81' lang='lat' dir='ltr'><strong>aurum</strong></span> <span class='ocrx_word' id='word_1_49' title='bbox 332 1058 399 1134; x_wconf 79' lang='lat' dir='ltr'><strong>alii,</strong></span> <span class='ocrx_word' id='word_1_50' title='bbox 418 1073 466 1120; x_wconf 81' lang='lat' dir='ltr'><strong>aot</strong></span> <span class='ocrx_word' id='word_1_51' title='bbox 478 1082 666 1143; x_wconf 80' lang='lat' dir='ltr'><strong>gemmarum</strong></span> <span class='ocrx_word' id='word_1_52' title='bbox 679 1087 805 1130; x_wconf 78' lang='lat' dir='ltr'><strong>munera</strong></span> <span class='ocrx_word' id='word_1_53' title='bbox 817 1070 948 1150; x_wconf 81' lang='lat' dir='ltr'><strong>solvant,</strong></span> 
     </span>
     <span class='ocr_line' id='line_1_10' title="bbox 107 1148 688 1239; baseline 0.019 -30"><span class='ocrx_word' id='word_1_54' title='bbox 107 1148 160 1210; x_wconf 85' lang='lat' dir='ltr'><strong>De</strong></span> <span class='ocrx_word' id='word_1_55' title='bbox 173 1149 340 1212; x_wconf 86' lang='lat' dir='ltr'><strong>Fortunato</strong></span> <span class='ocrx_word' id='word_1_56' title='bbox 354 1173 487 1234; x_wconf 84' lang='lat' dir='ltr'>paupere</span> <span class='ocrx_word' id='word_1_57' title='bbox 500 1157 592 1216; x_wconf 80' lang='lat' dir='ltr'><strong>verba</strong></span> <span class='ocrx_word' id='word_1_58' title='bbox 604 1177 688 1239; x_wconf 85' lang='lat' dir='ltr'><strong>cape.</strong></span> 
     </span>
    </p>
   </div>
   <div class='ocr_carea' id='block_1_3' title="bbox 68 1308 952 1442">
    <p class='ocr_par' dir='ltr' id='par_1_7' title="bbox 68 1308 952 1442">
     <span class='ocr_line' id='line_1_11' title="bbox 68 1308 952 1376; baseline 0.02 -18"><span class='ocrx_word' id='word_1_59' title='bbox 68 1309 103 1362; x_wconf 85' lang='lat'><strong>11.</strong></span> <span class='ocrx_word' id='word_1_60' title='bbox 121 1309 172 1360; x_wconf 79' lang='lat' dir='ltr'><strong>nl)</strong></span> <span class='ocrx_word' id='word_1_61' title='bbox 198 1308 444 1364; x_wconf 82' lang='lat' dir='ltr'>CHILPERICUM</span> <span class='ocrx_word' id='word_1_62' title='bbox 464 1312 589 1364; x_wconf 83' lang='lat' dir='ltr'><strong>REGEM</strong></span> <span class='ocrx_word' id='word_1_63' title='bbox 606 1313 654 1366; x_wconf 81' lang='lat' dir='ltr'><strong>Ac</strong></span> <span class='ocrx_word' id='word_1_64' title='bbox 674 1317 952 1376; x_wconf 81' lang='lat' dir='ltr'><strong>FREDEGUNDEM</strong></span> 
     </span>
     <span class='ocr_line' id='line_1_12' title="bbox 422 1402 598 1442; baseline 0.017 -3"><span class='ocrx_word' id='word_1_65' title='bbox 422 1402 598 1442; x_wconf 61' lang='lat' dir='ltr'><strong>REGNUM·</strong></span> 
     </span>
    </p>
   </div>
   <div class='ocr_carea' id='block_1_4' title="bbox 62 1497 942 3102">
    <p class='ocr_par' dir='ltr' id='par_1_8' title="bbox 66 1497 886 1698">
     <span class='ocr_line' id='line_1_13' title="bbox 66 1497 886 1602; baseline -0.005 -20"><span class='ocrx_word' id='word_1_66' title='bbox 66 1497 207 1582; x_wconf 73' lang='lat' dir='ltr'><strong>Asonnn</strong></span> <span class='ocrx_word' id='word_1_67' title='bbox 219 1519 352 1579; x_wconf 90' lang='lat' dir='ltr'><strong>conditio</strong></span> <span class='ocrx_word' id='word_1_68' title='bbox 366 1531 396 1580; x_wconf 92' lang='lat' dir='ltr'><strong>et</strong></span> <span class='ocrx_word' id='word_1_69' title='bbox 409 1540 473 1580; x_wconf 91' lang='lat' dir='ltr'><strong>sors</strong></span> <span class='ocrx_word' id='word_1_70' title='bbox 487 1519 691 1582; x_wconf 83' lang='lat' dir='ltr'><strong>irrevocabilis</strong></span> <span class='ocrx_word' id='word_1_71' title='bbox 702 1519 799 1595; x_wconf 77' lang='lat' dir='ltr'><strong>horae,</strong></span> <span class='ocrx_word' id='word_1_72' title='bbox 883 1597 886 1602; x_wconf 23' lang='grc'>1</span> 
     </span>
     <span class='ocr_line' id='line_1_14' title="bbox 109 1611 779 1698; baseline 0 -26"><span class='ocrx_word' id='word_1_73' title='bbox 109 1611 214 1690; x_wconf 82' lang='lat' dir='ltr'><strong>Quam</strong></span> <span class='ocrx_word' id='word_1_74' title='bbox 226 1613 329 1693; x_wconf 85' lang='lat' dir='ltr'><strong>generi</strong></span> <span class='ocrx_word' id='word_1_75' title='bbox 339 1613 471 1674; x_wconf 76' lang='lat' dir='ltr'><strong>humano</strong></span> <span class='ocrx_word' id='word_1_76' title='bbox 484 1614 576 1674; x_wconf 89' lang='lat' dir='ltr'><strong>tristis</strong></span> <span class='ocrx_word' id='word_1_77' title='bbox 587 1613 671 1698; x_wconf 91' lang='lat' dir='ltr'><strong>origo</strong></span> <span class='ocrx_word' id='word_1_78' title='bbox 688 1613 779 1674; x_wconf 80' lang='lat' dir='ltr'><strong>dedit.</strong></span> 
     </span>
    </p>

    <p class='ocr_par' dir='ltr' id='par_1_9' title="bbox 67 1703 857 1883">
     <span class='ocr_line' id='line_1_15' title="bbox 67 1703 857 1788; baseline 0 -20"><span class='ocrx_word' id='word_1_79' title='bbox 67 1703 150 1768; x_wconf 90' lang='lat' dir='ltr'><strong>Cum</strong></span> <span class='ocrx_word' id='word_1_80' title='bbox 161 1707 286 1766; x_wconf 80' lang='lat' dir='ltr'><strong>suadens</strong></span> <span class='ocrx_word' id='word_1_81' title='bbox 298 1705 421 1768; x_wconf 88' lang='lat' dir='ltr'><strong>coluber</strong></span> <span class='ocrx_word' id='word_1_82' title='bbox 434 1707 562 1788; x_wconf 88' lang='lat' dir='ltr'><strong>projecit</strong></span> <span class='ocrx_word' id='word_1_83' title='bbox 575 1708 677 1767; x_wconf 83' lang='lat' dir='ltr'><strong>abore</strong></span> <span class='ocrx_word' id='word_1_84' title='bbox 690 1728 857 1785; x_wconf 86' lang='lat' dir='ltr'><strong>venenum,</strong></span> 
     </span>
     <span class='ocr_line' id='line_1_16' title="bbox 107 1800 750 1883; baseline 0.002 -22"><span class='ocrx_word' id='word_1_85' title='bbox 107 1800 215 1862; x_wconf 86' lang='lat' dir='ltr'><strong>Morsu</strong></span> <span class='ocrx_word' id='word_1_86' title='bbox 229 1802 377 1883; x_wconf 89' lang='lat' dir='ltr'><strong>serpentis</strong></span> <span class='ocrx_word' id='word_1_87' title='bbox 390 1823 473 1864; x_wconf 92' lang='lat' dir='ltr'><strong>mors</strong></span> <span class='ocrx_word' id='word_1_88' title='bbox 485 1803 540 1865; x_wconf 88' lang='lat' dir='ltr'><strong>suit</strong></span> <span class='ocrx_word' id='word_1_89' title='bbox 552 1801 618 1865; x_wconf 83' lang='lat' dir='ltr'><strong>Eva</strong></span> <span class='ocrx_word' id='word_1_90' title='bbox 630 1823 750 1866; x_wconf 84' lang='lat' dir='ltr'><strong>nocens.</strong></span> 
     </span>
    </p>

    <p class='ocr_par' dir='ltr' id='par_1_10' title="bbox 65 1893 921 2072">
     <span class='ocr_line' id='line_1_17' title="bbox 65 1893 921 1978; baseline 0.005 -21"><span class='ocrx_word' id='word_1_91' title='bbox 65 1893 203 1976; x_wconf 88' lang='lat' dir='ltr'><strong>Sumpsit</strong></span> <span class='ocrx_word' id='word_1_92' title='bbox 213 1895 250 1956; x_wconf 80' lang='lat' dir='ltr'><strong>ab</strong></span> <span class='ocrx_word' id='word_1_93' title='bbox 264 1896 331 1977; x_wconf 89' lang='lat' dir='ltr'><strong>ipso</strong></span> <span class='ocrx_word' id='word_1_94' title='bbox 344 1910 449 1959; x_wconf 77' lang='lat' dir='ltr'><strong>extunc.</strong></span> <span class='ocrx_word' id='word_1_95' title='bbox 461 1895 560 1958; x_wconf 84' lang='lat' dir='ltr'><strong>Adam</strong></span> <span class='ocrx_word' id='word_1_96' title='bbox 575 1911 659 1978; x_wconf 76' lang='lat' dir='ltr'><strong>patre</strong></span> <span class='ocrx_word' id='word_1_97' title='bbox 671 1911 751 1960; x_wconf 85' lang='lat' dir='ltr'><strong>terra</strong></span> <span class='ocrx_word' id='word_1_98' title='bbox 765 1899 921 1978; x_wconf 83' lang='lat' dir='ltr'><strong>dolorem,</strong></span> 
     </span>
     <span class='ocr_line' id='line_1_18' title="bbox 106 1989 795 2072; baseline 0.001 -22"><span class='ocrx_word' id='word_1_99' title='bbox 106 1989 149 2050; x_wconf 85' lang='lat' dir='ltr'><strong>Et</strong></span> <span class='ocrx_word' id='word_1_100' title='bbox 161 1990 198 2050; x_wconf 92' lang='lat' dir='ltr'><strong>de</strong></span> <span class='ocrx_word' id='word_1_101' title='bbox 211 2002 306 2050; x_wconf 87' lang='lat' dir='ltr'><strong>matre</strong></span> <span class='ocrx_word' id='word_1_102' title='bbox 319 2008 441 2072; x_wconf 80' lang='lat' dir='ltr'><strong>gemens</strong></span> <span class='ocrx_word' id='word_1_103' title='bbox 453 1991 580 2052; x_wconf 90' lang='lat' dir='ltr'><strong>mundus</strong></span> <span class='ocrx_word' id='word_1_104' title='bbox 592 2011 693 2052; x_wconf 76' lang='lat' dir='ltr'><strong>amara</strong></span> <span class='ocrx_word' id='word_1_105' title='bbox 707 1992 795 2072; x_wconf 86' lang='lat' dir='ltr'><strong>capit.</strong></span> 
     </span>
    </p>

    <p class='ocr_par' dir='ltr' id='par_1_11' title="bbox 64 2083 824 2261">
     <span class='ocr_line' id='line_1_19' title="bbox 64 2083 824 2165; baseline 0 -21"><span class='ocrx_word' id='word_1_106' title='bbox 64 2083 293 2146; x_wconf 79' lang='lat' dir='ltr'><strong>Praevaricando</strong></span> <span class='ocrx_word' id='word_1_107' title='bbox 308 2085 366 2144; x_wconf 90' lang='lat' dir='ltr'><strong>duo</strong></span> <span class='ocrx_word' id='word_1_108' title='bbox 379 2085 496 2165; x_wconf 84' lang='lat' dir='ltr'><strong>probro</strong></span> <span class='ocrx_word' id='word_1_109' title='bbox 507 2085 685 2145; x_wconf 78' lang='lat' dir='ltr'><strong>damnantur</strong></span> <span class='ocrx_word' id='word_1_110' title='bbox 697 2084 824 2160; x_wconf 79' lang='lat' dir='ltr'><strong>acerbo,</strong></span> 
     </span>
     <span class='ocr_line' id='line_1_20' title="bbox 106 2165 763 2261; baseline -0.003 -24"><span class='ocrx_word' id='word_1_111' title='bbox 106 2177 162 2238; x_wconf 90' lang='lat' dir='ltr'><strong>llle</strong></span> <span class='ocrx_word' id='word_1_112' title='bbox 176 2177 279 2238; x_wconf 76' lang='lat' dir='ltr'><strong>labore</strong></span> <span class='ocrx_word' id='word_1_113' title='bbox 293 2176 390 2252; x_wconf 91' lang='lat' dir='ltr'><strong>dolet,</strong></span> <span class='ocrx_word' id='word_1_114' title='bbox 404 2177 466 2239; x_wconf 83' lang='lat' dir='ltr'><strong>haeo</strong></span> <span class='ocrx_word' id='word_1_115' title='bbox 477 2165 648 2260; x_wconf 78' lang='lat' dir='ltr'><strong>generando</strong></span> <span class='ocrx_word' id='word_1_116' title='bbox 661 2178 763 2261; x_wconf 87' lang='lat' dir='ltr'><strong>gemit.</strong></span> 
     </span>
    </p>

    <p class='ocr_par' dir='ltr' id='par_1_12' title="bbox 64 2270 889 2450">
     <span class='ocr_line' id='line_1_21' title="bbox 64 2270 889 2352; baseline -0.001 -21"><span class='ocrx_word' id='word_1_117' title='bbox 64 2270 153 2332; x_wconf 86' lang='lat' dir='ltr'><strong>lllors</strong></span> <span class='ocrx_word' id='word_1_118' title='bbox 167 2270 247 2331; x_wconf 84' lang='lat' dir='ltr'><strong>venit</strong></span> <span class='ocrx_word' id='word_1_119' title='bbox 260 2270 329 2331; x_wconf 91' lang='lat' dir='ltr'><strong>inde</strong></span> <span class='ocrx_word' id='word_1_120' title='bbox 343 2291 432 2331; x_wconf 83' lang='lat' dir='ltr'><strong>vorax</strong></span> <span class='ocrx_word' id='word_1_121' title='bbox 444 2272 613 2332; x_wconf 76' lang='lat' dir='ltr'><strong>transmissa</strong></span> <span class='ocrx_word' id='word_1_122' title='bbox 626 2271 786 2352; x_wconf 72' lang='lat' dir='ltr'><strong>uepofibus</strong></span> <span class='ocrx_word' id='word_1_123' title='bbox 799 2270 889 2350; x_wconf 76' lang='lat' dir='ltr'><strong>ipsis,</strong></span> 
     </span>
     <span class='ocr_line' id='line_1_22' title="bbox 106 2363 714 2450; baseline 0 -26"><span class='ocrx_word' id='word_1_124' title='bbox 106 2363 311 2442; x_wconf 68' lang='lat' dir='ltr'><strong>Heredesque</strong></span> <span class='ocrx_word' id='word_1_125' title='bbox 322 2384 392 2425; x_wconf 91' lang='lat' dir='ltr'><strong>suos</strong></span> <span class='ocrx_word' id='word_1_126' title='bbox 404 2365 482 2425; x_wconf 93' lang='lat' dir='ltr'><strong>tollit</strong></span> <span class='ocrx_word' id='word_1_127' title='bbox 496 2365 580 2450; x_wconf 83' lang='lat' dir='ltr'><strong>origo</strong></span> <span class='ocrx_word' id='word_1_128' title='bbox 593 2384 714 2427; x_wconf 87' lang='lat' dir='ltr'><strong>nocens.</strong></span> 
     </span>
    </p>

    <p class='ocr_par' dir='ltr' id='par_1_13' title="bbox 62 2456 829 2634">
     <span class='ocr_line' id='line_1_23' title="bbox 62 2456 817 2542; baseline -0.004 -23"><span class='ocrx_word' id='word_1_129' title='bbox 62 2456 147 2521; x_wconf 85' lang='lat' dir='ltr'><strong>Ecce</strong></span> <span class='ocrx_word' id='word_1_130' title='bbox 159 2457 218 2519; x_wconf 86' lang='lat' dir='ltr'><strong>hoc</strong></span> <span class='ocrx_word' id='word_1_131' title='bbox 229 2457 312 2518; x_wconf 89' lang='lat' dir='ltr'><strong>triste</strong></span> <span class='ocrx_word' id='word_1_132' title='bbox 324 2458 406 2518; x_wconf 74' lang='lat' dir='ltr'><strong>nefas</strong></span> <span class='ocrx_word' id='word_1_133' title='bbox 420 2459 508 2520; x_wconf 90' lang='lat' dir='ltr'><strong>nobis</strong></span> <span class='ocrx_word' id='word_1_134' title='bbox 520 2479 649 2542; x_wconf 88' lang='lat' dir='ltr'><strong>genuere</strong></span> <span class='ocrx_word' id='word_1_135' title='bbox 664 2468 817 2540; x_wconf 86' lang='lat' dir='ltr'><strong>parentes,</strong></span> 
     </span>
     <span class='ocr_line' id='line_1_24' title="bbox 107 2549 829 2634; baseline -0.007 -20"><span class='ocrx_word' id='word_1_136' title='bbox 107 2549 251 2632; x_wconf 73' lang='lat' dir='ltr'><strong>Coeperat</strong></span> <span class='ocrx_word' id='word_1_137' title='bbox 263 2553 341 2612; x_wconf 91' lang='lat' dir='ltr'><strong>unde</strong></span> <span class='ocrx_word' id='word_1_138' title='bbox 355 2553 454 2634; x_wconf 74' lang='lat' dir='ltr'><strong>prius3</strong></span> <span class='ocrx_word' id='word_1_139' title='bbox 469 2553 539 2614; x_wconf 86' lang='lat' dir='ltr'><strong>hinc</strong></span> <span class='ocrx_word' id='word_1_140' title='bbox 553 2553 612 2612; x_wconf 90' lang='lat' dir='ltr'><strong>ruit</strong></span> <span class='ocrx_word' id='word_1_141' title='bbox 625 2571 717 2612; x_wconf 88' lang='lat' dir='ltr'><strong>omne</strong></span> <span class='ocrx_word' id='word_1_142' title='bbox 729 2570 829 2634; x_wconf 89' lang='lat' dir='ltr'><strong>genus.</strong></span> 
     </span>
    </p>

    <p class='ocr_par' dir='ltr' id='par_1_14' title="bbox 63 2643 840 2802">
     <span class='ocr_line' id='line_1_25' title="bbox 63 2643 840 2719; baseline -0.003 -13"><span class='ocrx_word' id='word_1_143' title='bbox 63 2643 187 2706; x_wconf 85' lang='lat' dir='ltr'><strong>Primus</strong></span> <span class='ocrx_word' id='word_1_144' title='bbox 200 2644 278 2706; x_wconf 85' lang='lat' dir='ltr'><strong>Abel</strong></span> <span class='ocrx_word' id='word_1_145' title='bbox 293 2647 399 2708; x_wconf 89' lang='lat' dir='ltr'><strong>cecidit</strong></span> <span class='ocrx_word' id='word_1_146' title='bbox 411 2646 581 2706; x_wconf 83' lang='lat' dir='ltr'><strong>miserando</strong></span> <span class='ocrx_word' id='word_1_147' title='bbox 595 2644 717 2707; x_wconf 88' lang='lat' dir='ltr'><strong>vulnere</strong></span> <span class='ocrx_word' id='word_1_148' title='bbox 732 2663 840 2719; x_wconf 59' lang='lat' dir='ltr'><strong>cresus,</strong></span> 
     </span>
     <span class='ocr_line' id='line_1_26' title="bbox 105 2738 769 2802; baseline -0.003 -2"><span class='ocrx_word' id='word_1_149' title='bbox 105 2739 152 2802; x_wconf 84' lang='lat' dir='ltr'><strong>Ae</strong></span> <span class='ocrx_word' id='word_1_150' title='bbox 165 2739 295 2800; x_wconf 80' lang='lat' dir='ltr'><strong>fraterna</strong></span> <span class='ocrx_word' id='word_1_151' title='bbox 306 2740 364 2800; x_wconf 90' lang='lat' dir='ltr'><strong>sihi</strong></span> <span class='ocrx_word' id='word_1_152' title='bbox 375 2738 488 2802; x_wconf 81' lang='lat' dir='ltr'><strong>sarcula</strong></span> <span class='ocrx_word' id='word_1_153' title='bbox 500 2739 638 2798; x_wconf 83' lang='lat' dir='ltr'><strong>membra</strong></span> <span class='ocrx_word' id='word_1_154' title='bbox 654 2738 769 2798; x_wconf 89' lang='lat' dir='ltr'><strong>sodunt.</strong></span> 
     </span>
    </p>

    <p class='ocr_par' dir='ltr' id='par_1_15' title="bbox 62 2830 942 3006">
     <span class='ocr_line' id='line_1_27' title="bbox 62 2830 942 2913; baseline -0.005 -19"><span class='ocrx_word' id='word_1_155' title='bbox 62 2832 139 2895; x_wconf 90' lang='lat' dir='ltr'><strong>Post</strong></span> <span class='ocrx_word' id='word_1_156' title='bbox 152 2854 271 2913; x_wconf 91' lang='lat' dir='ltr'><strong>quoque</strong></span> <span class='ocrx_word' id='word_1_157' title='bbox 287 2831 361 2894; x_wconf 91' lang='lat' dir='ltr'><strong>Seth</strong></span> <span class='ocrx_word' id='word_1_158' title='bbox 374 2832 450 2892; x_wconf 89' lang='lat' dir='ltr'><strong>obiit</strong></span> <span class='ocrx_word' id='word_1_159' title='bbox 460 2833 514 2892; x_wconf 90' lang='lat' dir='ltr'><strong>sub</strong></span> <span class='ocrx_word' id='word_1_160' title='bbox 527 2831 606 2892; x_wconf 79' lang='lat' dir='ltr'><strong>Abel</strong></span> <span class='ocrx_word' id='word_1_161' title='bbox 617 2831 682 2894; x_wconf 88' lang='lat' dir='ltr'><strong>vice</strong></span> <span class='ocrx_word' id='word_1_162' title='bbox 697 2830 828 2892; x_wconf 90' lang='lat' dir='ltr'><strong>redditus</strong></span> <span class='ocrx_word' id='word_1_163' title='bbox 843 2830 942 2907; x_wconf 88' lang='lat' dir='ltr'><strong>idem,</strong></span> 
     </span>
     <span class='ocr_line' id='line_1_28' title="bbox 105 2925 716 3006; baseline -0.005 -18"><span class='ocrx_word' id='word_1_164' title='bbox 105 2926 145 2988; x_wconf 87' lang='lat' dir='ltr'><strong>Et</strong></span> <span class='ocrx_word' id='word_1_165' title='bbox 155 2927 293 3006; x_wconf 81' lang='lat' dir='ltr'><strong>quamvis</strong></span> <span class='ocrx_word' id='word_1_166' title='bbox 304 2926 412 3002; x_wconf 85' lang='lat' dir='ltr'><strong>rediit,</strong></span> <span class='ocrx_word' id='word_1_167' title='bbox 425 2947 488 2988; x_wconf 94' lang='lat' dir='ltr'><strong>non</strong></span> <span class='ocrx_word' id='word_1_168' title='bbox 502 2925 566 2987; x_wconf 89' lang='lat' dir='ltr'><strong>sine</strong></span> <span class='ocrx_word' id='word_1_169' title='bbox 580 2926 639 2986; x_wconf 85' lang='lat' dir='ltr'><strong>fine</strong></span> <span class='ocrx_word' id='word_1_170' title='bbox 651 2925 716 2985; x_wconf 82' lang='lat' dir='ltr'><strong>luit.</strong></span> 
     </span>
    </p>

    <p class='ocr_par' dir='ltr' id='par_1_16' title="bbox 63 3016 841 3102">
     <span class='ocr_line' id='line_1_29' title="bbox 63 3016 841 3102; baseline -0.01 -18"><span class='ocrx_word' id='word_1_171' title='bbox 63 3021 149 3102; x_wconf 85' lang='lat' dir='ltr'><strong>Quid</strong></span> <span class='ocrx_word' id='word_1_172' title='bbox 161 3020 232 3082; x_wconf 90' lang='lat' dir='ltr'><strong>Noe</strong></span> <span class='ocrx_word' id='word_1_173' title='bbox 244 3041 414 3082; x_wconf 85' lang='lat' dir='ltr'><strong>memorem</strong></span> <span class='ocrx_word' id='word_1_174' title='bbox 426 3019 576 3081; x_wconf 76' lang='lat' dir='ltr'><strong>laudatum</strong></span> <span class='ocrx_word' id='word_1_175' title='bbox 589 3039 662 3081; x_wconf 88' lang='lat' dir='ltr'><strong>voce</strong></span> <span class='ocrx_word' id='word_1_176' title='bbox 675 3016 841 3078; x_wconf 80' lang='lat' dir='ltr'><strong>Tonantis?</strong></span> 
     </span>
    </p>
   </div>
   <div class='ocr_carea' id='block_1_5' title="bbox 106 3109 891 3264">
    <p class='ocr_par' dir='ltr' id='par_1_17' title="bbox 106 3109 891 3264">
     <span class='ocr_line' id='line_1_30' title="bbox 106 3109 891 3199; baseline -0.009 -21"><span class='ocrx_word' id='word_1_177' title='bbox 106 3114 211 3197; x_wconf 88' lang='lat' dir='ltr'><strong>Quem</strong></span> <span class='ocrx_word' id='word_1_178' title='bbox 223 3113 297 3178; x_wconf 80' lang='lat' dir='ltr'><strong>levis</strong></span> <span class='ocrx_word' id='word_1_179' title='bbox 309 3133 377 3178; x_wconf 79' lang='lat' dir='ltr'><strong>arce</strong></span> <span class='ocrx_word' id='word_1_180' title='bbox 390 3114 472 3192; x_wconf 86' lang='lat' dir='ltr'><strong>tulit,</strong></span> <span class='ocrx_word' id='word_1_181' title='bbox 486 3133 566 3175; x_wconf 90' lang='lat' dir='ltr'><strong>nunc</strong></span> <span class='ocrx_word' id='word_1_182' title='bbox 577 3112 672 3199; x_wconf 82' lang='lat' dir='ltr'><strong>gravis</strong></span> <span class='ocrx_word' id='word_1_183' title='bbox 684 3130 759 3173; x_wconf 80' lang='lat' dir='ltr'><strong>urna</strong></span> <span class='ocrx_word' id='word_1_184' title='bbox 773 3109 891 3191; x_wconf 85' lang='lat' dir='ltr'><strong>premit.</strong></span> 
     </span>
     <span class='ocr_line' id='line_1_31' title="bbox 779 3205 817 3264; baseline 0 0"><span class='ocrx_word' id='word_1_185' title='bbox 779 3205 817 3264; x_wconf 82' lang='lat'><strong>25</strong></span> 
     </span>
    </p>
   </div>
   <div class='ocr_carea' id='block_1_6' title="bbox 0 0 1114 3862">
    <p class='ocr_par' dir='ltr' id='par_1_18' title="bbox 0 0 1114 3862">
     <span class='ocr_line' id='line_1_32' title="bbox 0 0 1114 3862; baseline 0 3"><span class='ocrx_word' id='word_1_186' title='bbox 0 0 1114 3862; x_wconf 95' lang='lat' dir='ltr'><strong> </strong></span> 
     </span>
    </p>
   </div>
  </div>
 </body>
</html>
