2230 3838
273 441 513 495 nonnarum
534 441 662 495 ursan
685 444 737 498 rr.
899 427 959 514 ¹7⁵

104 535 224 598 Vincta
237 531 386 617 parentali
401 533 534 595 culmine
546 531 648 595 Roma
661 535 724 597 fuit.

61 632 163 705 Actu,
180 641 301 703 mente,
316 629 426 710 gradu,
439 649 508 710 spe,
523 629 667 704 nomine,
682 629 823 714 sanguine
836 631 919 708 nexi,

109 723 253 784 Exultant
268 723 383 804 pariter
394 722 465 784 binc
478 743 566 798 avus,
581 724 652 785 inde
666 745 772 806 nepos.

67 817 225 900 Tempore
239 818 365 897 quisque
377 837 430 878 suo
443 817 568 878 fundans
580 818 633 900 pia
644 819 760 901 templa
771 819 909 901 patroni,

106 911 168 974 Iste
182 911 360 996 Augustini,
375 911 511 972 condidit
525 911 576 972 ille
590 910 684 974 Petri.

61 1005 127 1069 Hic
139 1006 275 1088 probus,
289 1005 341 1066 ille
355 1005 441 1086 pius,
454 1005 504 1067 hic
517 1005 629 1082 serius,
645 1007 696 1068 ille
710 1028 851 1086 serenus,

109 1099 272 1164 certantes
284 1099 397 1182 pariter
410 1100 476 1179 quis
490 1101 536 1161 cui
550 1102 648 1182 major
662 1102 728 1162 erit.

65 1194 207 1257 Plurima
218 1195 403 1276 pauperibus
414 1195 581 1255 tribuentes
593 1195 685 1258 divite
699 1217 789 1259 censu
799 1240 809 1273 ,

107 1289 224 1363 Misere
238 1290 276 1350 ad
289 1289 398 1364 coelns,
415 1309 487 1368 quas
501 1303 697 1369 sequerentur
710 1311 793 1371 opes.

64 1372 161 1643 jos
174 1395 332 1468 spargente
346 1403 453 1458 manu,
467 1384 651 1444 redimentes
664 1385 793 1447 crimina
804 1382 920 1445 mundi.

121 1492 192 1540 nter
205 1478 389 1560 apostolicos
401 1479 550 1541 credimus
564 1500 630 1540 esse
642 1479 761 1542 choros.

94 1573 183 1636 elices
193 1573 246 1654 qui
258 1571 300 1633 sic
311 1573 349 1632 de
363 1572 519 1633 nobilitate
534 1573 632 1656 fugaci

107 1665 239 1730 Mercati
251 1667 282 1727 in
295 1665 379 1728 eoelis
389 1669 455 1750 jura
467 1679 589 1728 senatus
598 1667 720 1729 habent.

35 1795 44 1837 ²
123 1822 182 1874 Ἢ.
205 1821 478 1874 serraculum
500 1821 653 1875 axouu
679 1821 889 1875 surscoer

5 1891 29 2016 fl
287 1912 525 1953 remotiorum
547 1912 740 1956 crurunrrs

71 2013 230 2114 Qunuvrs
240 2033 417 2114 pontificem
426 2047 580 2114 premeret
588 2037 786 2100 tremebunda
796 2053 955 2127 senectus,

105 2129 253 2191 Attamen
264 2129 328 2191 baec
341 2129 434 2191 voluit
447 2129 533 2211 plebs
547 2152 700 2212 superesse
715 2147 846 2216 patrem

69 2223 163 2285 dut
138 2245 165 2284 si
178 2236 293 2284 naturae
305 2225 416 2285 mutari
430 2225 530 2286 debita
542 2239 681 2306 possent,

107 2315 172 2378 Pro
184 2331 305 2398 pastore
319 2340 372 2381 suo
386 2341 456 2404 grex
468 2334 658 2402 properasset
671 2322 737 2382 iter.

66 2409 126 2474 Sed
140 2412 213 2492 quia
227 2432 288 2472 non
301 2412 401 2488 licuit,
416 2413 565 2495 populum
577 2435 648 2496 spes
660 2413 794 2478 consulat
808 2414 880 2495 illa,

106 2505 200 2568 Hune
214 2507 295 2585 quod
308 2528 366 2589 pro
379 2507 495 2568 meritis
506 2509 584 2569 vexit
594 2510 632 2570 ad
645 2522 723 2570 astra
734 2510 818 2571 fides.

64 2597 263 2662 Immaculata
275 2599 345 2662 Deo
358 2622 537 2663 conservans
551 2603 689 2664 membra
702 2606 840 2686 pudore,

107 2693 232 2755 Erotius
246 2696 354 2756 meruit
368 2697 432 2778 jam
443 2697 507 2756 sine
520 2697 581 2757 fine
593 2697 674 2758 diem
685 2722 692 2758 z

63 2785 194 2850 Pectore
209 2788 264 2849 sub
278 2791 361 2872 cujus
374 2811 502 2874 regnans
513 2792 657 2873 patientia
671 2793 795 2871 victrix,

102 2881 266 2946 Fluctibus
279 2883 311 2942 iu
324 2885 412 2945 tantis
424 2885 557 2948 anchora
566 2907 668 2948 sensus
681 2901 753 2948 erat.

61 2975 117 3039 llle
130 2998 240 3060 gerens
252 2978 389 3039 animum
403 2973 523 3065 placida·
534 2981 691 3044 dulcedine
705 2995 844 3064 pastum,

104 3071 216 3133 Nescit
230 3071 262 3130 in
274 3072 396 3135 offensis
407 3076 473 3157 jure
487 3075 599 3136 referre
613 3075 702 3138 vices.

62 3164 269 3246 'l'emplorum
283 3166 396 3242 cultor,
411 3189 549 3230 recreans
559 3169 769 3231 moderamine
783 3169 882 3251 cives,

103 3258 296 3324 Vulneribus
309 3262 413 3343 patriae
425 3263 487 3325 fida
498 3262 615 3326 medela
627 3263 696 3326 luit.
