2230 3838
110 332 170 399 118
188 350 220 406 v.
239 348 545 406 nudarentur
564 351 805 408 cosmarus
821 351 960 409 trouu
987 357 1009 406 r.

107 441 178 506 Nec
191 441 315 519 fluvius,
330 463 387 505 nec
399 463 523 524 campus
535 446 633 520 adest,
647 465 705 508 nec
717 457 816 522 terra,
829 466 888 510 nec
902 449 1008 527 unda,

147 536 286 600 Piscibus
299 537 466 598 inbabilern
479 538 578 600 nuileu
592 559 678 601 arare
691 553 801 622 potest.

106 628 180 694 Sola
193 631 303 713 palude
317 645 424 692 natans
436 631 578 711 querulos
592 634 642 694 dat
655 653 728 694 rana
741 654 897 710 susurros;

144 724 283 789 Piscibus
296 726 422 789 exclusis
436 727 552 786 advena
565 740 669 811 regnat
682 729 776 808 equs.

102 819 144 884 At
157 821 182 883 si
197 821 275 883 sorte
288 819 361 881 duat
373 821 473 882 tennis
488 822 525 882 de
537 822 669 883 nubibus
682 822 802 901 imber,
822 833 824 837 '

144 914 206 977 vix
218 917 296 998 pluit
306 917 339 977 in
352 917 459 992 terris,
472 918 536 999 jam
549 930 647 979 tumet
659 918 715 980 iste
727 918 839 982 minax.

101 1008 244 1095 Ingentes
256 1012 375 1073 animos
388 1032 483 1093 parva
495 1015 533 1073 dc
546 1013 628 1073 nube
640 1013 786 1088 resumit,

145 1104 198 1166 Fit
209 1107 308 1168 subito
323 1105 464 1188 pelagus,
479 1107 531 1186 qui
544 1106 681 1177 scitante
695 1103 788 1167 lacus.

103 1199 258 1262 Turbidus
269 1200 412 1262 incedens
425 1200 513 1260 undis
528 1213 594 1283 eget
608 1199 673 1280 ipse
687 1198 803 1277 lavari,

146 1294 278 1377 Semper
291 1292 463 1375 inaequalis,
480 1295 529 1358 eui
541 1292 618 1354 nibil
630 1307 680 1354 aut
693 1295 764 1356 satis
777 1307 833 1357 est.

51 1377 53 1382 ⁵
104 1389 137 1454 N
140 1412 181 1452 on
194 1391 270 1473 ripis
284 1401 442 1453 contentus
455 1389 515 1474 agit
526 1389 710 1470 compendia
721 1409 844 1467 cursus,

146 1486 243 1567 Quod
256 1486 294 1546 de
307 1495 413 1546 monte
424 1483 520 1560 bibit,
535 1502 592 1565 per
602 1496 664 1546 sata
678 1482 771 1566 plena
783 1484 894 1548 vomit.

102 1579 229 1646 Vertice
243 1579 371 1641 torrenti
385 1577 501 1659 rapitur
512 1577 596 1657 quasi
609 1598 696 1640 more
710 1580 852 1664 tyranni,
885 1585 888 1590 “

146 1671 322 1758 Indignatus
336 1673 394 1734 iter
406 1692 534 1734 munera
546 1684 639 1734 vastat
651 1673 723 1758 agri.

97 1768 260 1832 -Discurrit
272 1789 354 1852 seges
367 1767 399 1828 in
412 1765 556 1844 fluvium,
569 1780 625 1830 stat
636 1768 727 1851 piscis
741 1769 774 1831 in
786 1789 872 1834 arvo:

149 1862 270 1926 Ordine
281 1855 425 1946 perverso
438 1883 537 1926 messe
551 1876 670 1927 natante
683 1864 769 1948 jacet.

104 1955 185 2038 Quae
196 1958 315 2020 fuerant
328 1959 453 2035 ovibus,
468 1959 619 2020 donantur
631 1979 740 2041 pascua
752 1959 854 2037 ranis,

74 2041 78 2050 ’
148 2050 239 2114 Prata
248 2065 354 2116 tenent
364 2053 480 2135 pisces,
495 2065 525 2114 et
537 2053 628 2114 trabit
637 2054 718 2116 unda
729 2071 832 2136 pecus

106 2141 239 2209 Obtinet
252 2147 389 2230 expulsus
403 2147 555 2210 stabulum
568 2148 710 2233 sylvestre
724 2147 863 2226 Silurus,

147 2239 221 2304 Plus
234 2242 351 2326 capitur
363 2242 452 2305 terris
463 2261 555 2324 quam
566 2245 661 2305 modo
675 2243 766 2328 piscis
778 2244 876 2324 aquis.

110 2334 236 2402 Sarcula
249 2358 324 2420 quos
339 2338 478 2401 foderent
490 2359 595 2424 agros,
608 2337 689 2400 male
703 2338 779 2400 retia
791 2339 945 2422 miscent,

148 2432 268 2519 Figitur
279 2433 331 2496 hic
342 2434 470 2510 hamus,
490 2453 551 2515 quo
565 2432 646 2496 stetit
660 2446 730 2495 ante
742 2433 837 2516 palus.

106 2525 182 2589 Sors
197 2549 257 2590 una
270 2542 332 2603 est,
345 2529 425 2610 pisci
438 2530 568 2606 siccent,
582 2541 632 2590 aut
644 2526 771 2589 flumina
784 2543 942 2594 crescant:

148 2621 243 2686 Nunc
255 2624 366 2684 residet
378 2623 472 2699 limo,
484 2644 567 2687 nunc
579 2626 657 2707 jacet
669 2621 736 2685 exul
750 2643 831 2708 agro.

107 2713 171 2778 Sed
182 2738 236 2780 cur
247 2716 331 2778 triste
344 2717 396 2778 diu
408 2717 564 2798 loquimur
577 2719 614 2779 de
627 2717 742 2802 gurgite
752 2719 868 2800 parvo?

149 2810 262 2872 Uritur
272 2824 303 2873 et
314 2811 432 2884 verbis,
447 2833 505 2875 nec
516 2826 671 2876 recreatur
683 2813 778 2892 aquis.
803 2857 806 2866 .

108 2901 246 2968 Sufficiat
257 2903 383 2991 flagrare
397 2906 474 2984 sibi,
491 2929 545 2970 cur
558 2908 636 2970 addo
652 2926 797 2988 vapores,

149 2999 251 3082 Atque
263 3002 311 3063 bis
323 3002 458 3065 aestivum
471 3023 606 3065 crescere
619 3015 740 3083 tempus
751 3003 828 3086 ago?

107 3092 212 3159 Unica
223 3097 276 3159 sed
288 3098 411 3159 tandem
423 3099 528 3158 damus
540 3096 720 3166 haecsolatia
732 3096 847 3176 laudis,

117 3215 122 3224 ·
152 3187 249 3272 Quod
260 3191 366 3256 tribuit
379 3192 477 3276 pisces
489 3203 644 3257 evacuatus
655 3191 750 3274 aquis.
765 3208 772 3223 ·
