2222 3852
281 341 519 399 POEMATUM
541 347 670 401 LIBER
693 351 729 404 V.
890 353 951 397 Μ

54 433 131 496 Hic
141 431 199 495 tibi
212 431 352 517 iongaevis
364 437 401 496 sit
414 437 473 498 viia
483 453 631 520 superstes
643 442 675 502 in
689 441 775 503 annis
783 465 798 502 ε·

105 528 227 590 Rursus
240 529 273 589 in
285 543 432 592 aeternum
442 533 479 594 sit
490 533 546 594 tibi
559 555 629 597 vera
641 536 726 598 salus.

69 680 120 732 vl.
141 677 194 727 DE
212 677 407 730 Golsulu'ra
424 679 474 731 ET
485 681 571 735 EJUS
589 684 685 736 FILIA
702 685 934 740 GELESUINTA.

64 790 216 874 Casurus
229 811 350 873 incertis
363 833 464 874 rerum
476 814 595 875 fortuna
609 826 741 890 rotatur,

106 903 141 965 N
144 925 178 966 ec
191 905 257 987 figit
269 905 406 966 stabilem
419 907 550 987 pendula
564 907 623 969 vita
634 910 753 988 pedem.

60 997 200 1080 Semper
210 999 242 1056 iu
257 999 397 1080 ambiguo
409 1000 522 1061 seclum
534 1013 600 1060 rota
612 1000 854 1078 lubricavolrit,.

108 1091 149 1152 Et
161 1091 262 1174 fragili
273 1091 367 1174 glacie
379 1091 510 1172 lapsibus
524 1093 582 1153 itur
593 1094 659 1154 itera

65 1186 156 1248 Nulli
169 1199 254 1248 certa
266 1186 345 1260 dies,
361 1185 439 1245 nulli-
448 1206 499 1246 sua
513 1186 624 1248 certior
635 1187 735 1264 hora†

106 1279 162 1342 Sic
172 1299 276 1340 sumus
290 1279 320 1337 in
333 1291 408 1339 statu
422 1278 568 1340 debiliore
582 1279 670 1341 vitro.

63 1374 156 1438 Dum
166 1393 270 1456 gressu
283 1373 407 1453 ancipiti
420 1373 508 1433 trahit
520 1374 686 1455 ignorantia
698 1375 825 1453 fallens?

109 1465 182 1528 Huc
194 1466 266 1526 latet
276 1487 323 1526 ars
337 1466 446 1542 foveae,
461 1488 521 1546 qno
535 1480 618 1549 putat
629 1487 692 1530 ease
705 1471 794 1532 viam.

67 1561 180 1624 Nescia
192 1582 280 1625 mens
292 1561 451 1622 hominum
465 1561 536 1640 quid
548 1562 586 1621 sit
597 1563 679 1624 necis
692 1575 779 1643 atque
792 1559 911 1626 salutisi*

113 1653 235 1718 Lucifer
249 1675 286 1716 au
298 1655 358 1716 rita
369 1668 428 1729 est,
442 1676 525 1715 mors
535 1655 593 1716 sibi
605 1677 711 1736 vesper
723 1659 796 1720 criu,

67 1747 129 1810 liis
141 1749 313 1831 premimur
325 1750 457 1810 fenebris
469 1751 564 1833 ignari
575 1763 655 1812 sorte
668 1752 776 1828 futuri,

107 1842 151 1903 Et
163 1863 237 1926 vaga
249 1856 311 1904 tam
325 1844 427 1927 fragile
440 1844 503 1905 haec
515 1857 654 1924 tempora
666 1857 785 1928 tempus
797 1847 924 1910 habent..

67 1935 195 1998 Tolerus
208 1938 341 2020 geminas
354 1938 436 2000 misit
448 1938 526 2013 tibi,
539 1938 657 2014 Gallia,
671 1952 791 2015 torreo,¹

110 2027 218 2090 Prima
230 2044 324 2093 stante
336 2032 458 2111 quidem
471 2032 562 2094 fracia
575 2035 703 2094 secunda
715 2037 808 2117 jaceo.
900 2089 902 2096 .

66 2124 138 2186 Alia
151 2146 250 2206 snper·
259 2125 350 2188 colles
363 2123 497 2207 speciosa
511 2127 665 2189 cacumine
678 2128 828 2208 pulchro,

108 2218 249 2280 Flatibus
261 2219 375 2282 infestis
389 2218 522 2282 culmine
533 2220 697 2302 lapsaruit.

72 2310 202 2374 Sedibus
213 2313 245 2371 in
257 2313 361 2395 patriae
374 2333 426 2374 sua
439 2301 840 2393 fundamentarelinquena‚

110 2405 247 2467 Cardine
259 2419 403 2470 motasuo
416 2428 479 2467 non
492 2407 571 2468 stetit
584 2427 642 2468 una
655 2408 715 2468 diu.

66 2499 120 2562 De
132 2503 266 2584 proprio.
275 2501 399 2584 migrata
411 2502 477 2563 solo
489 2521 567 2564 nova
580 2502 683 2562 mersit
697 2519 812 2576 arena*

107 2595 188 2657 Exul
201 2608 232 2657 et
243 2595 289 2656 his
298 2596 386 2657 terris
397 2596 456 2657 heu
468 2595 627 2680 peregrina
639 2598 726 2676 jacet.

67 2687 149 2769 Quis
162 2688 242 2750 valet
254 2688 349 2752 ordiri
361 2690 434 2749 tanti
444 2691 587 2772 praesagia
600 2688 711 2764 luctus,

108 2781 248 2846 Stamina
261 2784 425 2864 quo-ooepit
438 2797 536 2844 texere
549 2782 649 2842 flenda
662 2782 773 2844 dolor?

66 2875 152 2938 Cum
165 2876 301 2957 primum
314 2875 443 2959 uigentes
455 2877 536 2960 jungi
548 2889 699 2957 peieretur
711 2878 747 2937 ad
761 2889 857 2940 arctos
868 2921 886 2952 ‚.

109 2967 208 3053 Regia
221 2969 312 3053 regali
327 2967 503 3031 Gelesuinta
516 2969 604 3029 thoro
612 3013 626 3045 ,.

68 3061 149 3128 Fixa
161 3059 341 3144 Cupidineis
355 3076 475 3144 caperet
488 3075 520 3123 ut
533 3063 643 3146 frigora
656 3059 811 3140 flammis„
882 3076 885 3082 '

109 3153 239 3220 Viveret
252 3167 282 3218 et
292 3156 388 3240 gelida
402 3157 456 3222 sub
472 3156 595 3244 regione
608 3154 724 3218 calens..
760 3224 763 3230 ,
