2222 3852
283 369 521 425 nonnarum
547 371 674 427 arnan
693 374 725 426 v.
888 353 951 421 213

54 458 139 520 Post
152 459 229 520 uteri
242 463 384 543 gemitus,
397 477 466 545 post
478 465 571 525 multa
583 466 717 547 pericula
730 476 851 548 partus,

102 549 239 633 Postque
251 554 364 616 laboris
377 578 469 632 onus,
483 559 565 639 quod
577 580 664 642 grave
676 561 746 620 foeta
758 560 829 633 tuli3

54 643 144 724 Quae
156 647 248 728 genui
258 660 335 708 natae
348 662 476 711 matrem
490 673 541 712 nne
553 672 616 712 non
628 653 699 715 licet
711 673 794 731 csse,

100 739 236 820 Ipsaque
247 753 359 803 natnrae
371 744 418 804 lex
430 745 507 806 mitri
517 758 580 805 tota
590 746 682 827 perit.

60 833 184 895 Affectu
199 835 299 917 jejuna
312 857 383 898 meo
397 837 563 924 lacrymosa
576 839 730 921 repellor,

100 925 137 988 N
138 949 174 989 ec
188 927 285 1008 pietas
296 930 429 1006 aditum,
441 953 498 994 nec
510 933 560 992 dat
573 933 658 1015 origo
669 932 781 994 locum.

58 1019 150 1098 Quid
162 1021 288 1102 rapitis?
301 1022 419 1084 diss'erte
433 1025 513 1099 dics,
528 1027 600 1084 dum
614 1026 696 1087 disco
710 1025 849 1103 dolores,

105 1111 314 1194 Solamenque
325 1116 398 1177 mali
411 1117 449 1177 sit
461 1136 548 1178 mora
560 1117 623 1179 sola
636 1118 707 1179 mei.

62 1204 200 1286 Quando
220 1208 331 1270 iterum
352 1210 494 1287 rideam,
512 1212 631 1290 quando
649 1212 713 1274 haec
733 1211 809 1274 mihi
831 1211 950 1274 lumina

232 1301 371 1379 claudet,

3 1467 5 1472 ,
103 1393 240 1475 Quando
254 1397 365 1458 iterum
375 1410 450 1459 nata
463 1419 520 1480 per
530 1399 584 1481 pia
595 1399 675 1462 colia
685 1401 813 1462 oudam?

58 1486 156 1548 Unde
168 1509 281 1570 precor
291 1504 402 1552 tenerae
414 1512 550 1574 gressum*
559 1494 701 1575 spectabo
713 1492 842 1576 puella„

108 1578 308 1663 Oblectetque
321 1585 458 1646 animum
469 1587 572 1647 matris
585 1599 615 1649 et
627 1588 695 1668 ipsc
704 1587 809 1668 jocus?

63 1673 139 1738 Post
149 1695 268 1753 causas,
280 1697 352 1757 quas
362 1698 454 1762 regna
464 1693 570 1764 gerunt
580 1725 594 1756 „
602 1681 656 1742 obi
665 1693 773 1742 moesta·
780 1678 951 1742 reclinem?

103 1768 187 1849 Quis
200 1770 279 1832 eolat
290 1772 415 1847 affectu,
429 1773 543 1834 lambat
554 1786 583 1842 et
596 1793 651 1834 ore
665 1774 772 1854 caput?

58 1861 202 1924 Extensis
213 1863 322 1944 palmis
335 1865 401 1943 quis
415 1879 513 1929 currat
526 1867 564 1926 ad
578 1865 695 1940 oscula,
710 1866 758 1926 vel
771 1888 838 1946 qnae

105 1955 228 2019 Cervici
240 1957 372 2019 insiliant
385 1959 517 2040 pendula
529 1959 776 2021 membrameaet

61 2049 169 2131 Quem
182 2063 302 2112 teneam
314 2052 429 2134 gremio
443 2052 556 2112 blando
569 2052 623 2113 sub
636 2051 714 2114 sasce
726 2051 888 2127 laborans,

102 2143 169 2205 Ant
182 2143 295 2206 leviore
309 2164 400 2205 manu
412 2145 554 2206 verberer
564 2146 629 2226 ipsa
640 2145 731 2226 joco?

60 2235 171 2299 Necte
186 2238 265 2298 serre
280 2238 364 2314 sinu,
379 2257 561 2317 quamquam
574 2239 613 2299 sis
625 2239 741 2313 adulta,
754 2257 914 2322 gravarer,

101 2329 186 2410 Quae
198 2331 274 2390 mihi
285 2331 372 2396 dulce
385 2333 476 2393 nimis
489 2346 519 2392 et
531 2332 597 2394 leve
610 2334 728 2415 pondus
739 2351 813 2393 eras.

57 2423 129 2486 Cur
140 2444 224 2485 nova
233 2445 302 2486 rura
314 2438 398 2507 petas
407 2425 535 2488 illicubi
547 2447 611 2488 non
622 2447 674 2487 ero
687 2426 803 2487 mater?

100 2516 154 2577 An
167 2519 250 2601 regio
264 2519 363 2580 sorsan
376 2540 439 2580 non
453 2519 604 2600 capitone
619 2520 711 2580 duas?

56 2607 142 2690 Quae
154 2630 284 2692 genuere
298 2632 368 2695 ergo
381 2612 548 2674 lacerentur
560 2612 673 2674 viscera
685 2611 786 2690 luctu,

101 2701 226 2764 Gaudia
240 2705 288 2766 cui
301 2718 429 2786 pereunt
439 2719 578 2787 tempora
590 2704 677 2767 fletus
689 2719 784 2767 erunt.

52 2793 192 2858 Plorans
204 2798 330 2876 perdam
344 2798 464 2875 oculos,
477 2801 566 2862 duces
578 2819 647 2860 mea
659 2799 774 2861 lumina
785 2813 908 2878 tecum,
948 2857 954 2867 .

100 2885 138 2948 Si
148 2901 216 2949 tota
224 2889 268 2951 ire
281 2903 381 2967 vetor,
394 2913 463 2972 pars
475 2913 543 2954 mea
552 2907 582 2954 te
593 2893 736 2973 sequitur.

53 2979 144 3043 Tum
159 3002 314 3062 proceres,
321 2979 437 3061 samnii,
447 2986 566 3062 domus,
577 2986 659 3062 urbs,
667 3007 719 3048 rer
729 2987 791 3069 ipse
804 2985 950 3071 remugit,¹

101 3073 236 3155 Quaque
248 3078 370 3158 petisset
382 3079 440 3139 iter
452 3099 509 3140 vox
517 3078 612 3162 gravis
624 3098 682 3141 una
693 3080 795 3164 gemit.

53 3167 242 3235 Processere
254 3170 335 3236 foras
348 3172 531 3240 tandemsed
543 3173 783 3251 turnamorosa„
