2222 3852
136 337 199 378 210
408 333 442 387 v.
468 333 503 385 H.
529 332 775 388 FORTUNATt

198 481 233 534 V.
257 479 312 531 DE
335 479 586 537 BERTHILDE
610 482 968 562 SACRdVIRGINE..

137 597 244 682 Mnus
258 617 368 678 devota
377 614 448 678 Deo
463 614 630 678 Berthildis
644 619 736 680 corde
749 638 933 698 coruscans*

177 709 305 774 Pectore
317 711 371 774 sub
385 713 467 793 cujus
480 709 617 772 Christus
626 722 735 772 'amore
749 725 860 772 manet.

138 805 323 886 Despiciens
335 804 463 866 mortale
476 804 607 880 malum,
620 805 721 866 vitalia
733 826 853 867 servans
861 848 878 882 ‚.

175 896 270 960 Unde
283 899 359 982 logis
369 912 480 974 terras,
496 899 567 960 hinc
578 898 656 979 petis
669 910 747 958 astra
760 899 863 982 magis.

137 992 334 1055 Immaculata
347 991 554 1054 nitensneseis
566 993 702 1074 contagia
715 994 845 1068 mundi,

179 1083 325 1147 Sardibus
337 1085 476 1146 humanis
489 1085 584 1146 libera
598 1085 837 1168 membrageris.

137 1178 241 1263 Digna
253 1179 404 1261 pudicitia
417 1179 565 1264 debentur
578 1179 704 1260 praemia
716 1199 805 1240 sacrae
813 1224 829 1257 a

176 1273 273 1357 Virgo
287 1273 383 1334 dicata
395 1271 466 1332 Deo
477 1273 548 1334 hinc
559 1273 704 1355 rapienda
718 1273 802 1355 polo.

139 1366 198 1429 llle
210 1379 290 1428 tenet
305 1366 395 1430 coelos
409 1366 501 1428 cuitu
515 1366 672 1446 complexa
684 1367 812 1442 videris,

182 1459 256 1541 Quo
268 1473 335 1521 tuus
347 1473 390 1520 est
403 1479 545 1541 sponsus,
559 1459 610 1520 bic
622 1461 760 1541 erisipsa
769 1460 869 1522 simul.

138 1553 216 1617 Non
224 1553 308 1635 cupis
316 1573 389 1614 auro
396 1553 620 1626 humer0s‚nec
627 1553 740 1615 collum
749 1555 872 1637 pingere
878 1557 1033 1640 gemmis,

179 1647 241 1710 Sed
253 1648 361 1709 melius
374 1659 454 1709 casto
468 1659 590 1727 pectore
603 1667 679 1727 pura
692 1647 795 1708 micas.
862 1683 865 1688 ·

140 1741 267 1804 Mutasti
278 1755 409 1816 vestem,
422 1740 541 1800 mutasti
552 1740 647 1822 gentis
660 1741 826 1816 honorem,

180 1834 261 1897 Cum
271 1835 409 1895 thalamis
421 1834 538 1894 domini
551 1854 661 1915 sponsa
672 1836 799 1917 juganda
812 1837 914 1902 venise

139 1929 245 2009 Quam
257 1927 383 1988 meliore
398 1928 450 1990 via.
458 1927 597 1990 meruisti.
606 1940 676 1990 vota
687 1941 813 2004 tenere,

179 2020 311 2102 Quando
322 2021 452 2084 ,creatori
465 2020 563 2080 lurrna
575 2033 679 2081 creata
687 2020 804 2103 places!

137 2115 326 2198 Pauperibus
340 2114 433 2196 largas
446 2114 498 2178 das
510 2115 708 2175 esurientibus
720 2135 819 2189 escas,

177 2209 284 2270 Nescit
295 2209 409 2269 babere·
419 2208 532 2268 famem
546 2208 596 2286 qui
609 2220 659 2271 tua
670 2220 748 2269 tecta
760 2209 845 2290 petit.

136 2303 202 2386 Qui
216 2304 280 2364 sine
292 2314 371 2365 veste
382 2304 459 2384 jacet
468 2313 609 2384 ‚tegmen
624 2302 736 2383 pietate
750 2302 902 2366 ministras
913 2347 930 2380 ,,

177 2395 270 2457 Unde
283 2395 358 2457 calet
371 2395 467 2456 nudus
479 2395 590 2476 frigora
603 2395 689 2455 nulla
697 2395 815 2458 timens.

134 2489 182 2552 'l'e
195 2490 361 2554 redimente
374 2489 425 2568 pia
438 2488 550 2567 captivi
560 2488 680 2549 vincula
694 2488 809 2550 laxant:

178 2581 257 2662 Quae
269 2581 359 2642 solvis
371 2581 486 2642 vinctos
497 2579 597 2641 libera
606 2601 727 2662 semper
740 2582 808 2642 eris.

133 2675 299 2738 Distribnis
313 2695 453 2751 censum,
466 2673 541 2734 nulli
554 2693 606 2733 sua
618 2687 687 2736 vota
700 2677 836 2758 negando
845 2719 861 2752 ‚.

176 2768 365 2848 Divitiasque
378 2780 441 2829 tuas
453 2767 594 2828 omnibus
606 2788 669 2828 esse
682 2769 765 2832 lacis.

138 2861 308 2944 Colligisiu
323 2860 403 2923 coelis
415 2860 713 2944 quicquiddispergis
727 2862 758 2924 in
773 2862 861 2923 arvis.

179 2953 304 3018 Semina
317 2975 397 3018 nunc
408 2955 529 3029 fundes,
542 2967 610 3035 post
623 2956 752 3016 meliora
766 2968 876 3022 metes..

136 3049 293 3132 Quicquid
305 3049 394 3110 babet
407 3049 536 3108 mundus
550 3046 672 3130 fugitivo
686 3049 806 3109 tramite
821 3048 942 3126 transit,

176 3141 330 3225 Tempore
341 3155 373 3202 tu
385 3142 505 3203 modico
519 3161 640 3224 semper
653 3143 789 3207 habenda
801 3143 889 3208 lacis..
