2218 3862
163 337 226 413 348
422 350 512 405 nn.
533 349 784 404 concurrum

165 446 256 510 Hanc
267 459 416 530 prostrata
426 447 497 512 loco
509 448 635 531 supplex
646 447 987 532 Rodeguurlisaelorot,

203 539 245 603 Et
257 555 356 604 vestro
366 541 498 624 imperio
510 557 651 625 tempora
662 543 752 626 longa
763 553 849 625 rogat

161 635 262 716 Atque
276 637 374 720 rigans
385 636 545 721 lacrymis,
559 639 718 720 conjuncta
730 636 889 698 sororibus
903 645 1022 716 optat,

201 727 249 790 Ut
258 731 309 792 hic
320 741 418 793 vestra
430 731 504 793 tides
514 731 620 816 gaudia
632 730 712 814 larga
723 741 826 790 metat

159 820 248 884 Felix
259 821 383 884 Justino
396 845 518 887 maneas
531 846 602 888 cnm
614 823 756 906 principe
770 825 889 904 conjux.

201 914 322 979 Ordine
332 919 460 1000 patricio
472 919 570 980 cincta
583 915 700 998 Sophia
713 936 811 978 sacro.

159 1008 294 1073 Romula
306 1031 397 1095 regna
407 1031 513 1096 regens
526 1011 631 1072 tribuit
641 1031 693 1072 sua
705 1011 771 1091 jura
783 1022 920 1086 senatus,

201 1103 307 1186 Teque
320 1107 378 1166 sibi
389 1106 547 1166 domiuum
556 1105 646 1186 plebs
654 1103 787 1164 trabeate
801 1102 890 1164 colat.

161 1195 245 1258 Vota
258 1219 387 1279 superna
400 1198 486 1261 Dens
497 1199 576 1261 votis
589 1197 728 1260 felicibus
737 1198 838 1257 addat.

203 1291 272 1354 Nee
285 1293 371 1354 vobis
383 1306 504 1374 pereat,
519 1293 601 1372 quod
613 1291 805 1376 Radegundis
817 1302 909 1352 amat.

161 1383 291 1447 Assiduo
303 1399 392 1448 cantu
404 1407 470 1466 quae
483 1387 606 1469 pulvere
617 1386 680 1447 lusa
692 1397 850 1467 precatur,

202 1477 409 1561 Temporibus
419 1481 508 1564 largis
518 1493 551 1542 ut
562 1479 618 1540 tibi
630 1491 747 1542 constet
759 1499 843 1560 apex.

160 1567 265 1648 Voto‚
278 1574 398 1650 animo,
413 1595 500 1636 seusu
514 1618 523 1648 ‚
536 1574 634 1634 studio
647 1573 728 1634 bona
740 1592 860 1654 semper
871 1571 1004 1654 agendo,

203 1662 250 1726 sir
262 1667 320 1728 tibi
328 1688 399 1730 euro
413 1669 477 1745 sui,
492 1669 531 1729 sit
543 1688 664 1733 memor
678 1667 729 1728 illa
741 1667 793 1727 tui.

393 1821 452 1872 111.
475 1821 533 1873 AI)
558 1820 814 1876 ARTARClllN.

160 1919 250 2001 Posr
263 1938 366 2022 patriae
379 1939 514 2014 cineres,
528 1953 559 2001 et
571 1940 704 2003 culmina
717 1938 800 2024 lapsa
812 1954 989 2024 pareutum,
1030 1935 1034 1944 '

204 2035 283 2116 Quae
294 2033 396 2095 hostili
408 2034 473 2096 acie
484 2047 565 2095 terra
578 2034 713 2118 'l'oriuga
724 2034 811 2106 tulitt

163 2127 197 2193 si
210 2129 316 2209 loquar
326 2128 454 2188 infausto
467 2129 630 2190 certamine
644 2130 723 2190 bella
736 2140 875 2210 peracto,

205 2222 292 2303 Quas
304 2222 389 2304 prius
401 2223 438 2283 ad
451 2221 598 2306 lacrymas
609 2223 723 2284 femina
736 2236 821 2305 rapta
835 2220 951 2282 trahar?

164 2317 252 2398 Quid
265 2316 340 2376 mihi
354 2314 427 2377 llere
440 2329 523 2378 vacet
534 2338 669 2398 pressam
681 2319 758 2380 hanc
770 2319 876 2378 sunere
889 2315 1021 2400 gentem?

204 2410 254 2472 An
267 2410 356 2473 variis
368 2411 481 2473 vicibus
494 2411 580 2474 dulce
592 2412 685 2472 ruisse
693 2405 806 2495 genus?

162 2505 247 2568 Nam
258 2517 344 2586 pater
356 2518 425 2566 ante
438 2506 562 2580 cadens,
571 2518 601 2566 et
612 2505 774 2567 avunculus
785 2505 855 2566 inde
865 2516 991 2579 secutos,
1018 2499 1024 2511 '

203 2597 303 2659 Triste
315 2599 390 2658 mihi
402 2597 509 2660 vulnus
520 2599 580 2659 fixit
594 2612 717 2679 uterque
732 2619 850 2680 parens.
1088 2607 1089 2610 ’

162 2691 325 2754 Restiterat
336 2711 495 2774 germanus
507 2712 596 2773 apex,
609 2694 661 2754 sed
674 2705 754 2753 sorte
771 2689 900 2752 nefanda

204 2783 258 2846 Me
271 2784 384 2866 pariter
396 2785 512 2847 tumulo
523 2786 631 2866 pressit
643 2807 734 2847 arena
748 2806 813 2848 suo.

162 2875 319 2940 Omnibus
334 2878 485 2954 extinctis,
497 2877 556 2940 heu
568 2879 575 2938 l
589 2880 703 2942 viscere
719 2881 793 2940 dura
805 2876 943 2940 dolentis!

207 2969 272 3051 Qui
291 2992 381 3054 super
394 2991 469 3034 unns
483 2991 563 3048 eras,
579 2971 814 3049 Homoleireele,
829 2974 916 3054 jaces.

165 3059 218 3126 Sic
231 3061 422 3146 Radegumlis
433 3064 516 3125 enim
527 3085 584 3145 per
594 3077 733 3146 tempora
746 3065 835 3148 longa
846 3065 983 3145 requiror,
1077 3070 1086 3092 ⁸

208 3153 334 3215 Pertulit
348 3157 410 3219 haec
424 3159 506 3220 triste
517 3159 624 3241 pagina
635 3172 737 3222 nostra
750 3157 843 3239 loqui.
