2222 3844
145 271 185 377 76
395 305 430 360 r.
455 307 492 360 u.
519 287 775 359 rouruuurt

144 396 301 481 Sculptilis
313 398 469 482 impressis
482 412 512 459 et
525 397 681 459 inauribus
695 397 763 459 alha
777 396 901 483 sigillis,

95 493 106 524 ⁸
142 490 283 556 Luminis
298 495 443 558 aerarios
456 513 599 577 spargens
612 493 753 553 diadema
765 493 894 555 virores.

145 585 225 668 Quae
233 590 328 666 frons,
340 610 406 665 ora,
416 587 509 661 oculi,
521 587 622 662 facies,
630 605 718 670 gena,
733 609 799 669 pes,
810 607 930 664 manus,
940 585 1033 666 ulna,

143 680 220 744 lude
229 686 410 767 repercussis
422 681 572 744 florebant
584 681 722 766 gramina
731 681 881 765 gemmis?

99 782 119 808 ·“
139 777 226 853 Dic,
240 779 321 840 bone
335 791 456 861 pastor,
470 779 520 841 ovi
532 799 598 858 quae
611 779 712 840 fabula
724 789 822 840 restra
837 779 994 841 cucurrit?

147 871 254 953 Quod,
262 875 477 957 rogo,quaudo
486 871 612 934 Petrum
620 887 650 935 et
660 870 790 934 Paulum
798 886 860 934 tam
868 893 948 956 saepe
957 873 1051 937 vide-

313 969 390 1043 has,

146 1059 253 1124 Prima
264 1061 427 1122 ministerii
442 1061 589 1121 radiantia
600 1081 669 1122 vasa
682 1060 826 1144 superni,

147 1156 251 1218 Aurea
261 1156 388 1238 pulchra
399 1157 491 1216 nimis
502 1169 671 1238 gemmata,
685 1169 827 1234 venusta,
841 1173 985 1235 corusca,

148 1251 206 1314 Illa
219 1264 307 1335 putas
319 1264 432 1333 quanto
445 1252 608 1314 rutilabant
622 1272 676 1313 ora
689 1253 819 1315 sereno?

146 1345 300 1430 Dogmata
315 1369 380 1427 quae
397 1345 511 1408 Christi
523 1359 621 1408 totum
633 1366 770 1428 sparsere
783 1367 840 1428 per
851 1347 983 1424 orbem,

149 1440 230 1521 Quae
242 1443 341 1504 dixere
354 1441 439 1523 prius
453 1464 459 1500 :
477 1453 510 1500 tu
524 1461 556 1501 es
572 1437 710 1502 Christus
722 1441 801 1502 filius
814 1439 906 1517 almi,

148 1535 375 1615 Altithronique
390 1533 453 1595 Dei
467 1535 652 1595 dominantis
666 1548 695 1596 et
710 1534 947 1618 omnipotentis,

148 1631 197 1694 Ao
209 1651 301 1712 super
313 1629 369 1691 hac
383 1641 469 1709 petra
481 1628 603 1690 fundata
615 1628 740 1692 ecclesia
755 1643 876 1713 regnat,

152 1723 256 1805 Quam
266 1745 322 1786 nec
332 1721 428 1796 flabra
437 1736 572 1799 movent,
583 1745 682 1804 neque
694 1724 783 1785 vertit
791 1725 881 1787 turbo
891 1722 1052 1805 procellae,

107 1808 112 1818 ⁴
151 1819 222 1882 Nec
233 1818 323 1878 trahit
337 1817 515 1900 undivagam
530 1817 694 1900 pluviatilis
707 1819 808 1892 imber
820 1838 963 1895 arenam,

153 1913 231 1976 Haec
242 1913 313 1994 quia
324 1913 391 1973 viva
404 1925 487 1974 tenet
496 1926 582 1994 petra
596 1914 792 1975 fundamenta
805 1914 925 1985 salutis;

153 2006 271 2071 Contra
289 2026 380 2087 quam
392 2021 488 2089 portae
502 2006 614 2069 inferni
628 2028 783 2090 nunquam
797 2029 883 2070 arma
895 2007 1052 2072 valebunt.

153 2101 240 2183 Quid
251 2123 334 2165 sacer
345 2102 396 2165 ille
410 2102 502 2165 simul
516 2101 628 2164 Paulus
638 2112 651 2179 ,'
660 2104 732 2165 tuba
745 2105 884 2188 gentibus
895 2101 1018 2184 ampla?

151 2194 215 2258 Per
226 2217 330 2272 mare,
345 2218 402 2279 per
414 2209 510 2258 terras
524 2194 638 2259 Christi
652 2200 805 2280 praeconia
819 2199 965 2274 lundens,

153 2289 313 2374 Europam
327 2304 415 2371 atque
429 2291 548 2369 Asiam,
564 2290 696 2378 Libyam
709 2293 782 2370 sale,
800 2295 952 2379 dogmate,
961 2313 1057 2356 com-

322 2387 430 2469 plens,

153 2481 196 2543 Et
208 2501 267 2562 qua
279 2480 326 2543 sol
339 2481 431 2543 radiis
444 2481 556 2556 tendit,
571 2482 665 2567 stylus
678 2482 730 2544 ille
743 2483 898 2560 cucurrit,

153 2577 281 2654 Arctos,
297 2577 458 2651 meridies,
473 2577 545 2640 hinc
556 2577 664 2659 plenus
678 2599 786 2660 vesper
798 2591 828 2640 et
841 2591 943 2656 ortus,

154 2671 277 2733 Transit
289 2683 321 2733 et
334 2692 499 2747 oceanum,
514 2672 563 2734 vel
576 2693 635 2752 qua
646 2672 718 2736 facit
731 2673 828 2734 insula
842 2686 984 2754 portum,

155 2767 300 2847 Quasque
313 2765 479 2829 Britannus
491 2768 581 2830 habet
593 2781 689 2830 terras
701 2781 790 2849 atque
804 2767 912 2829 ultima
926 2765 1041 2850 Thyle.

154 2860 292 2924 Buccina
303 2863 480 2945 concrepuit
495 2864 633 2947 regiones
644 2884 703 2924 una
718 2884 774 2945 per
787 2882 910 2935 omnes;

153 2955 308 3040 Dogmate
321 2969 474 3019 tantomm
490 2955 605 3020 Christi
622 2959 689 3019 data
702 2977 830 3019 munera
843 2955 945 3040 pangit

157 3048 329 3128 Hebraeus,
345 3051 490 3130 Graecus,
507 3050 683 3127 Romanus,
698 3050 872 3128 Barbarus,
889 3050 998 3128 ludus,

155 3141 292 3207 Israelita
303 3148 403 3227 cauit,
417 3147 511 3212 simul
525 3146 658 3226 Atticus,
671 3159 760 3228 atque
776 3145 926 3228 Quiritis,
