2222 3844
178 318 219 381 60
447 332 479 387 V.
505 334 541 386 Η.
566 332 817 388 FORTUNATI

175 430 297 492 Interea
308 426 419 488 mulier
433 427 574 488 defuncto
586 428 718 508 pendula
730 441 802 490 nato

174 524 307 588 Brachia
321 523 492 584 distendens
504 521 595 583 offert
607 536 676 584 aute
688 543 742 584 ora
755 525 898 602 cadaver,

173 620 305 684 Funeris
318 618 501 699 increpitans
515 618 627 678 misero
642 619 706 679 fera
719 620 835 680 cantica
850 620 1001 702 planctu,

171 715 260 778 Dum
271 713 360 774 dolor
370 714 406 773 ad
420 713 567 796 lacrymas
580 712 688 788 trahit,
703 713 766 775 baec
779 714 826 776 vix
838 716 970 797 explicat
986 739 1062 780 ore:

172 809 278 871 Fortis
291 809 388 870 amice
403 805 481 882 Dei,
496 820 560 868 toto
574 807 755 871 venerabilis
767 809 862 885 orbe,

173 901 279 984 Quem
292 923 416 983 semper
426 901 560 962 lamenta
573 915 697 964 movent
710 902 821 984 pietate
836 904 1039 986 propinqua,

169 997 291 1059 Ardens
304 997 378 1076 quid
391 997 530 1077 cupiam,
545 1017 655 1076 corpus
665 997 721 1057 tibi
735 997 852 1058 nuntiet
863 997 991 1082 algens,

169 1090 253 1155 Ecce
266 1091 343 1153 obiit
355 1090 473 1151 miserae
486 1089 563 1150 mibi
576 1089 655 1150 filius
667 1090 761 1150 ubere
775 1104 893 1173 raptus,

168 1186 281 1267 inquo
296 1200 393 1247 mater
410 1205 514 1247 eram:
529 1205 586 1246 nec
599 1205 668 1266 spes
680 1205 778 1265 neque
793 1186 900 1246 restitit
913 1186 1036 1265 haeres,

170 1279 326 1344 Occubuit
338 1281 474 1364 genitus,
488 1278 596 1341 cecidit
609 1280 733 1354 domus,
753 1292 782 1340 et
793 1279 870 1340 mihi
882 1279 1024 1359 fructus,

166 1375 264 1439 Nulla
275 1387 485 1437 remanserunt
496 1374 573 1435 uteri
585 1371 691 1434 solatia
704 1373 788 1450 duri,

166 1469 239 1534 Nec
252 1483 387 1552 superest
397 1469 479 1550 quod
494 1466 580 1530 dulce
594 1487 718 1543 rocem,
734 1489 794 1546 quo
807 1467 882 1530 sessa
892 1470 1062 1546 reclinem,

166 1561 275 1627 Ubere
289 1565 371 1644 quod
382 1583 535 1637 recreem,
550 1574 630 1622 totus
640 1561 720 1643 perit
734 1563 809 1622 ordo
822 1564 968 1644 parentis.

168 1657 234 1737 Qui
246 1671 355 1733 restas,
370 1677 498 1738 precor,
513 1655 590 1716 aller
603 1676 696 1737 opem
710 1656 912 1719 medicamine
925 1658 1034 1736 verbi,

165 1751 274 1816 Redde
286 1773 397 1836 genus,
416 1772 455 1812 ne
468 1750 506 1811 sit
519 1735 624 1811 nlatris
637 1750 713 1811 mibi
728 1771 842 1812 nomen
857 1752 964 1828 inane;

163 1847 211 1913 Ni
225 1847 346 1910 soboles
359 1846 477 1921 redeat,
492 1865 595 1908 secum
608 1865 677 1906 mea
690 1844 796 1906 funera
809 1846 905 1908 ducat.

163 1944 296 2027 Adjuvat
307 1941 386 2004 hanc
398 1940 529 2022 populus
542 1939 695 2017 clamans,
708 1961 792 2004 sacer
805 1959 905 2004 annue
917 1941 1017 2019 votIs,

163 2037 201 2099 ln
216 2036 330 2101 conctis
342 2056 399 2097 vox
411 2056 471 2096 una
484 2047 587 2110 sonat,
602 2036 747 2097 miserere
761 2035 907 2117 precanti.

162 2131 253 2194 Tunc
266 2131 334 2213 pius
348 2129 470 2190 antistes
482 2129 607 2212 genibus
619 2128 758 2210 profusus
772 2130 804 2190 in
818 2129 896 2192 arvis

163 2224 318 2288 Sternitur
330 2238 399 2286 ante
413 2222 517 2286 oculos
529 2223 648 2284 domini
662 2245 719 2304 pro
733 2223 824 2305 plebe
837 2236 982 2306 satagens.

162 2316 209 2381 Ut
221 2333 389 2382 mereretur
401 2339 490 2383 ovem
503 2336 660 2400 perquam
672 2337 742 2399 grex
754 2317 903 2398 plurimus
915 2330 1012 2391 esset,

160 2414 279 2476 Annuit
292 2414 487 2496 omnipotens
499 2411 613 2474 lamulo
627 2412 700 2471 dans
713 2410 834 2474 culmen
845 2409 1010 2475 honorum.

160 2506 238 2570 Mox
250 2510 348 2571 bonus
362 2530 415 2570 ore
429 2527 534 2590 preces
547 2519 650 2568 orator
663 2506 745 2568 misit
758 2506 896 2569 inaures.

162 2599 284 2663 Ordine
298 2602 444 2684 disposito
458 2613 618 2682 postquam
631 2621 663 2662 se
677 2600 774 2662 oratio
789 2601 939 2684 complet,

159 2693 296 2780 Erigitur
308 2696 427 2771 senior,
440 2694 530 2756 simul
543 2694 641 2756 infans
654 2694 830 2768 vivificatur,

160 2787 389 2873 Porrigiturque
402 2810 461 2850 suae
473 2787 590 2871 populo
604 2789 659 2850 sub
672 2801 746 2852 teste
759 2789 912 2851 mamillae.

159 2883 214 2945 Fit
227 2884 346 2967 lragor,
361 2897 391 2945 et
403 2884 511 2966 populi
524 2904 602 2947 nova
614 2896 738 2965 pectore
752 2897 821 2947 vota
833 2884 982 2960 volutant,

158 2975 310 3040 Mirantes
320 2978 478 3040 hominem
491 2977 558 3040 loete
571 2990 700 3040 mutasse
710 2979 863 3062 vigorem,

159 3068 201 3134 Et
214 3073 265 3152 qui
279 3073 311 3134 iu
324 3085 423 3134 morte
434 3084 553 3148 manet,
569 3073 662 3133 morti
675 3091 729 3134 sua
741 3075 806 3156 jura
821 3075 931 3138 tulisse.

158 3165 235 3231 lude
244 3166 419 3232 catervatim
433 3164 589 3230 Christum
603 3167 822 3250 dominumque
834 3169 996 3252 Deumque
