2230 3838
206 259 257 342 V.
299 256 352 343 H.
395 257 794 354 FORTUNATI

259 568 726 725 ‚nonnnrnn

354 880 481 935 LIBER
509 882 683 941 Pntttttts.

111 1137 193 1192 ῑΛΙ)
214 1140 379 1194 VITALEM
394 1139 603 1194 Eetscoettttt
630 1141 911 1198 RAVENNENSEM.

76 1282 229 1370 iinrtst'ns
243 1307 382 1384 domini,
396 1309 511 1372 meritis
522 1309 554 1372 in
567 1309 666 1373 secula
678 1310 799 1388 vivens,

112 1398 226 1463 Gaudia
238 1402 294 1483 qui
309 1399 422 1464 Christi
434 1405 471 1464 de
483 1425 569 1489 grege
581 1417 684 1486 pastor
696 1404 806 1466 habes:

77 1490 149 1556 Cum
160 1508 188 1558 te
201 1496 341 1559 vitalem
352 1497 448 1559 voluit
459 1499 590 1560 vocitare
601 1511 744 1575 vetustas,

112 1586 245 1654 Noverat
258 1605 404 1654 aeternum
416 1605 446 1653 te
459 1593 603 1654 meruisse
616 1593 708 1654 diem.

73 1679 182 1767 Dignus
194 1687 364 1770 apostolica
376 1687 552 1772 praefulgens
565 1700 668 1748 mente
680 1689 839 1766 sacerdos,

113 1779 173 1860 Qui
184 1783 266 1846 sacri
278 1781 407 1844 Andreae
419 1795 481 1843 tam
494 1782 545 1865 pia
558 1780 673 1863 templa
686 1781 776 1844 locas.

79 1869 171 1950 Quam
181 1878 266 1938 bene
280 1897 337 1959 pro
349 1877 465 1938 meritis
477 1877 594 1938 domini
609 1876 744 1938 consedit
759 1875 790 1936 in
802 1875 887 1955 aula,

114 1964 169 2030 Per
178 1991 273 2051 quem
285 1970 372 2054 digna
382 1969 454 2031 Deo
466 1983 510 2032 est
519 1970 664 2033 aedificata
677 1969 799 2031 domus!

77 2057 229 2146 Sumpsisti
242 2085 261 2124 a
273 2064 397 2125 domino
413 2064 548 2139 culmen,
564 2063 613 2127 eui
626 2063 759 2126 culmina
770 2065 888 2128 condis:

113 2156 175 2236 Qui
186 2159 245 2220 tibi
256 2158 343 2242 digna
354 2159 454 2235 dedit,
468 2159 567 2222 reddis
579 2158 696 2220 honore
709 2158 820 2221 vicem.

79 2245 187 2313 Emicat
198 2251 268 2314 aula
280 2264 388 2334 potens
398 2231 495 2314 solido
510 2253 642 2335 perfecta
654 2252 796 2329 metallo,

115 2341 182 2422 Quo
193 2347 260 2408 sine
273 2359 362 2428 nocte
376 2360 477 2410 manet
488 2347 660 2410 continuata
674 2347 756 2421 dies,

79 2432 176 2502 lnvitat
187 2441 272 2505 torus
283 2443 347 2525 ipse
359 2441 463 2504 Deum
477 2443 531 2504 sub
545 2441 611 2504 luce
625 2440 772 2525 perenni,

115 2531 270 2598 Gressibus
280 2550 313 2598 ut
323 2536 450 2620 placidis
462 2537 552 2598 intret
563 2538 693 2597 amando
704 2533 808 2598 Lares.

78 2621 136 2706 ¹Qui
147 2628 211 2693 loca
220 2631 271 2692 das
283 2631 405 2713 populis
414 2675 424 2708 ,
433 2631 591 2692 dominum
602 2652 662 2711 quo
671 2651 793 2714 semper
801 2633 943 2708 adorent,

114 2717 156 2810 Ut
166 2725 285 2806 capiant
295 2726 434 2801 veniam,
446 2737 480 2787 tu
497 2724 570 2788 iacis
580 2746 643 2787 esse
656 2725 747 2788 viam.

80 2812 191 2894 Gratia,
204 2841 307 2898 mens,
322 2820 457 2897 animus,
469 2820 606 2896 bonitas,
621 2819 743 2883 dilectio
757 2820 874 2903 plebis,

113 2908 150 2973 Et
159 2916 284 2999 gradus,
298 2928 328 2978 et
342 2915 455 2998 pietas,
469 2927 498 2976 te
511 2915 591 2976 dedit
606 2935 668 2976 esse
682 2927 809 2996 patrem.

82 2999 258 3090 Prosperitas
269 3031 300 3074 se
312 3023 409 3074 vestra
421 3009 548 3092 probat,
562 3030 628 3088 quae
641 3009 747 3092 gaudia
760 3006 920 3090 supplens,

114 3098 214 3168 Intulit
225 3105 358 3190 egregios
369 3107 407 3169 ad
420 3117 469 3168 tua
482 3116 551 3170 vota
563 3103 653 3168 viros.

805 3217 825 3276 9
