2222 3844
170 295 222 346 DE
244 295 347 347 VITA
376 293 404 345 S.
431 293 616 346 MARTINI
642 294 771 348 LIBER
793 296 815 345 1.
893 278 931 344 25

54 389 115 452 Nec
124 401 224 448 tamen
236 385 377 468 effugiat,
392 384 503 465 justum
517 385 652 446 custodia
664 385 768 448 vallat.

54 485 179 558 Interea,
196 480 298 562 paucis
311 493 383 542 tunc
396 478 626 556 obsistentibus,
641 480 746 542 insons

52 577 188 661 Eligitur,
201 574 347 649 trahitur,
360 587 509 650 sacratur,
525 587 554 634 et
565 593 633 637 arce
648 575 773 638 locatur.

51 671 188 732 fflmulus
199 691 274 730 unus
285 681 349 729 erat
364 669 504 730 defensor
517 669 694 752 episcopus,
710 671 831 734 obstans
860 743 863 748 ยน

51 767 97 829 Ne
110 765 258 828 Martinus
272 785 343 824 oves
356 777 460 845 pastor
473 777 591 826 curaret
604 764 734 826 alendas.

49 861 112 923 Nec
124 881 229 936 mora,
242 859 354 941 judicio
368 859 506 934 domini,
520 857 634 921 lectore
652 872 777 922 canente

49 954 201 1018 Versiculo
215 953 323 1036 psalmi
338 953 479 1015 defensor
490 967 598 1036 sponte
610 969 740 1016 notatur.

46 1049 89 1110 Ex
101 1067 154 1110 ore
168 1048 316 1109 infantum
328 1061 358 1108 et
371 1047 533 1110 lactentum
547 1050 660 1130 perfice
674 1049 805 1112 laudem.

44 1144 74 1206 N
77 1167 134 1207 unc
145 1143 336 1205 defensorem
349 1145 401 1223 qui
414 1143 458 1206 sic
468 1143 548 1205 bene
562 1145 707 1222 destruis,
723 1146 831 1225 inquit.

45 1239 117 1300 lllox
130 1239 229 1322 fragor
242 1250 319 1298 astra
330 1238 422 1319 petit,
437 1237 553 1299 clamor
566 1259 655 1322 vagus
667 1239 743 1298 atria
756 1239 909 1321 complet,

43 1331 83 1393 Et
97 1334 184 1394 docet
197 1331 249 1394 ille
263 1333 348 1392 favor
367 1333 403 1392 de
418 1332 576 1394 defensore
590 1346 726 1408 reatum,

44 1426 247 1506 Addictasque
261 1426 307 1487 vir
320 1439 382 1502 est,
397 1447 428 1487 se
440 1427 556 1508 judice,
571 1440 645 1488 teste
660 1426 820 1510 propheta.

43 1546 92 1599 DE
109 1543 344 1598 MONASTERIO
362 1543 432 1597 SUB
453 1545 545 1596 atta
561 1543 657 1598 RUPE
682 1544 930 1603 CONSTRUCTO.

45 1639 63 1721 1
66 1678 128 1723 uon
141 1658 359 1721 monasterium
370 1657 432 1718 sihi
446 1658 548 1720 condit
561 1678 635 1738 mpe
649 1657 775 1718 subalta

39 1755 97 1816 Vir
109 1753 276 1816 monachus
287 1765 429 1834 praestans
441 1751 472 1812 in
485 1753 676 1833 pontificatus
689 1753 826 1829 honore,

41 1849 179 1912 Plurima
193 1848 374 1910 conveniunt
385 1846 438 1908 ubi
451 1859 551 1908 sancta
563 1847 700 1908 examina
713 1847 850 1908 fratrum.

40 1943 121 2028 Ergo
134 1945 239 2004 aderat
252 1942 378 2023 propius
390 1941 473 2003 locus
487 1954 516 2002 et
529 1939 745 2002 celeberrimus
760 1941 856 2018 olim,

41 2038 153 2120 Ampla
166 2035 319 2099 vetustatis
333 2057 402 2097 cum
415 2048 556 2117 tempora
568 2035 802 2111 transiluissent,

42 2130 188 2218 Martyris
201 2151 264 2191 esse
276 2131 361 2211 pium
375 2131 532 2214 spargebat
545 2129 651 2211 opinio
665 2130 778 2192 cultum
794 2155 801 2190 :

43 2226 110 2307 Qua
123 2247 213 2290 sacer
227 2246 351 2287 exorans
363 2225 481 2286 tumulo
495 2225 563 2286 salit
575 2225 684 2285 umbra
696 2225 849 2306 sepulchri

41 2321 127 2386 Laeva
139 2332 274 2402 exparte
287 2321 414 2401 loquens
426 2320 562 2396 meritis,
577 2338 625 2379 res
639 2318 704 2400 ipsa
717 2319 854 2378 sinistra:

40 2415 176 2499 Imperat
190 2428 222 2476 ut
235 2435 349 2477 nomen
361 2415 487 2475 fateatur
500 2414 619 2497 imago,
643 2411 692 2473 vel
705 2424 805 2474 actum
819 2436 827 2472 ฮต

40 2508 91 2571 Nil
104 2533 182 2575 cum
196 2499 376 2595 martyribm
388 2508 448 2570 sibi
461 2510 644 2591 participare
657 2507 769 2584 beatis,

40 2601 93 2667 His
106 2606 184 2686 quia
195 2604 298 2686 palma
311 2616 430 2680 manet,
443 2615 513 2666 cum
525 2625 555 2665 se
568 2604 647 2664 male
660 2623 751 2685 poena
762 2615 887 2666 teneret.

42 2695 200 2762 Omnibus
213 2699 349 2775 auditur,
363 2698 499 2759 lllartino
512 2699 646 2761 cernitur
657 2698 719 2762 uni.

41 2787 91 2854 llla
103 2793 283 2878 superstitio
296 2794 348 2855 tali
360 2795 415 2856 sub
428 2807 507 2856 sorte
520 2807 645 2856 vetatur.

43 2884 89 2951 Sic
99 2890 200 2952 altare
213 2888 305 2952 simul
316 2903 506 2969 removetur,
521 2888 602 2952 larva
612 2890 738 2975 fugatur.

68 3019 124 3071 DE
150 3019 416 3074 GENTILIBUS
445 3021 489 3073 IN
520 3021 609 3074 otto
639 3019 750 3074 Loco
776 3018 901 3072 FleS.

44 3103 127 3193 posu
141 3133 205 3196 iter
217 3132 366 3216 arripiens
379 3132 524 3196 comitatu
535 3130 688 3215 relligioso

783 3224 803 3282 3
