2222 3844
164 361 226 415 m:
249 359 349 416 vm
370 360 398 414 S.
422 359 608 414 Manrlttt
629 361 756 416 LIBER
780 364 832 418 tv.
901 351 941 438 75

47 453 205 534 Nullaque
217 454 295 514 rima
308 465 408 536 patet,
422 473 479 514 nec
492 452 567 516 lacta
578 452 610 513 in
624 473 693 516 vase
707 455 836 519 cicatrix.

46 547 96 612 Sic
105 549 217 629 liquor
230 548 359 609 interior
366 546 437 608 facit
449 546 595 608 exteriora
606 548 702 625 tueri,

40 641 81 704 Et
92 663 196 723 quem
208 641 298 703 tutari
312 641 411 704 decuit
421 661 472 702 sua
485 637 618 724 tegmina
629 642 711 704 texit.

40 736 91 799 Ne
102 738 192 800 vitra
204 738 387 818 depereant,
400 734 461 796 olei
471 735 604 797 custodia
617 748 731 814 serrat,

40 831 248 911 Inclususque
260 831 372 892 bumor
384 828 545 911 proprium
560 830 694 892 defendit
706 831 870 913 amictum,

36 929 85 991 Ac
99 930 248 1010 fragmen
263 923 366 1009 fragile
378 924 477 984 statuit
488 924 660 987 benedictio
674 925 761 988 forte.

38 1021 143 1104 Cujus
155 1017 298 1100 discipuli
312 1018 426 1100 pariter
438 1019 511 1077 dum
523 1016 661 1080 cominus
672 1018 769 1098 irent,

35 1113 81 1177 Et
96 1116 188 1180 canis
198 1113 357 1175 horrificus
369 1112 476 1173 latratu
488 1111 638 1173 insisteret
648 1114 772 1195 amplo,
829 1135 831 1144 ’

36 1208 139 1272 Unus
153 1229 261 1270 amore
274 1207 328 1288 pio
342 1203 470 1266 Martini
482 1204 515 1265 in
527 1205 653 1268 nomine
669 1207 761 1269 dixit:
864 1229 867 1242 ·

38 1303 204 1386 Praecipio
218 1315 334 1376 taceas,
347 1319 446 1378 neque
459 1319 514 1360 nos
523 1297 657 1362 clamore
671 1300 784 1384 fatiges.

37 1396 124 1459 Mox
137 1395 267 1480 praecisa
280 1393 361 1457 canis
374 1393 472 1454 rabidi
485 1414 542 1455 vox
554 1393 608 1456 or'e
621 1397 784 1477 pependit,

40 1489 294 1568 Clamoremque
305 1508 410 1571 vagum
424 1488 524 1548 media
537 1488 574 1549 de
588 1488 673 1551 lance
687 1490 841 1568 resorbet,

41 1583 85 1646 Et
96 1587 205 1669 fragor
217 1583 269 1644 ille
278 1582 362 1642 ferox
372 1583 460 1643 avido
474 1583 530 1644 sub
541 1594 658 1666 gutture
672 1585 814 1664 obhaesit,

44 1677 139 1742 Stans
153 1678 235 1741 rictu
246 1677 366 1760 stupido
379 1677 494 1739 frenata
508 1697 581 1739 voce
592 1677 757 1756 molossus,

44 1771 131 1835 Cum
146 1773 236 1833 furor
247 1783 380 1854 urgeret,
390 1771 465 1851 'quia
478 1792 510 1833 se
524 1791 581 1833 nec
591 1772 674 1834 hiare
687 1773 803 1836 liceret.

46 1865 102 1930 Sic
118 1867 201 1929 redit
212 1864 327 1928 incluso
340 1865 469 1926 tremula
479 1865 544 1927 sine
559 1885 631 1929 voce
644 1887 785 1945 susurro,

47 1958 174 2023 Profuit
186 1972 218 2021 et
230 1979 343 2020 nomen
356 1959 450 2020 sancti
463 1978 523 2039 quo
537 1959 632 2020 deluit
645 1959 709 2023 ore.

45 2051 131 2139 Ergo
145 2054 206 2115 iter
220 2053 374 2135 inceptum
385 2052 467 2114 lento
479 2054 557 2134 pede
569 2075 694 2137 pergere
707 2057 847 2134 tendam,

43 2147 136 2210 Dum
151 2147 226 2210 licet
236 2147 280 2208 ire
293 2147 393 2222 viam,
408 2147 480 2207 dum
493 2168 543 2209 me
557 2162 643 2212 vocat
657 2148 729 2211 aura
744 2151 890 2230 salubris,

44 2239 86 2304 Et
98 2241 198 2303 trabit
209 2241 285 2301 bora
298 2241 361 2303 dies
374 2241 496 2324 vestigia
508 2243 589 2303 tarda
604 2258 795 2323 moventem,

46 2335 195 2398 Moribus
209 2348 240 2395 ut
252 2334 383 2396 tumidus
395 2356 497 2398 comes
510 2335 666 2398 Avitianus
679 2339 804 2420 agebat,

44 2429 200 2493 Terribili
213 2429 314 2492 officio
327 2427 466 2490 'l'uronas
478 2429 613 2492 suffultus
630 2432 732 2493 adivit.

43 2525 183 2610 Agmina
197 2525 379 2586 conveniunt
390 2569 400 2600 ,
413 2537 443 2585 et
454 2523 541 2608 longa
555 2538 659 2588 catena
671 2546 796 2590 reorum

43 2622 253 2684 Accrescente
267 2639 370 2694 coma,
385 2639 515 2698 quorum
529 2639 598 2681 caro
611 2633 673 2682 tota
686 2619 812 2700 fluebat,

41 2713 86 2775 Et
98 2724 284 2793 consumpta
297 2725 410 2773 arctum
422 2711 558 2774 laxabant
569 2715 691 2777 brachia
705 2715 838 2796 ferrum,

46 2807 237 2870 Confectam
250 2805 347 2868 macie
359 2806 405 2868 vix
418 2807 593 2870 declarante
603 2809 746 2892 figuram,

48 2899 218 2964 Poenarum
229 2920 321 2982 genus
334 2900 425 2962 omne
438 2903 521 2983 jubet
533 2902 601 2984 plus
615 2924 702 2970 more
714 2905 824 2985 parari.

51 2993 229 3057 Deflentem
242 2995 341 3055 videas
355 2995 502 3077 populum
514 2997 643 3077 spatiare
657 3020 712 3079 per
724 3000 847 3077 urbem,

54 3087 223 3170 indixitque
234 3089 319 3150 nefas
332 3111 474 3170 processu
488 3091 525 3150 ad
538 3091 621 3152 triste
635 3091 785 3169 tribunal,

54 3181 143 3247 Unde
156 3197 258 3245 truces
270 3183 349 3246 oculi
362 3196 531 3268 spectarent
543 3186 682 3249 membra
695 3185 833 3249 cremari.
