2222 3844
92 357 96 362 ,
144 278 186 351 4²
396 295 431 349 v.
456 295 490 348 11.
514 295 772 349 corruatur

144 382 277 448 Prensus
290 386 322 448 in
335 400 399 450 arte
410 385 494 449 lerox
510 387 659 469 jaculabat
671 388 785 469 probra
797 389 908 468 beato,

144 478 187 540 Et
199 502 267 542 cum
277 482 357 544 sraus
370 495 482 558 cessat,
498 482 592 544 hostis
603 483 739 546 convicia
749 485 853 566 jactat:

143 573 301 659 Tempore
312 598 383 639 nam
395 580 528 657 quodam
538 578 727 640 comubovis
741 599 810 641 ecce
823 593 1004 662 cruentum,

142 667 214 752 Ipse
228 686 367 734 cruentus
378 673 491 734 habens
503 672 595 734 infert
606 673 644 734 ad
656 685 735 736 tecta
745 674 873 750 'sacrati,

141 762 237 826 Irruit
249 767 280 827 in
295 767 420 844 cellam,
434 787 613 849 causamque
625 768 746 849 exponit
759 768 894 849 iniquam
907 794 915 830 τ

143 859 218 940 Quo
231 862 344 940 virtus,
358 861 511 937 Martiae,
527 864 649 924 tuaest?
664 864 723 926 hoc
734 863 862 945 aspicis,
877 864 997 943 inquit,

141 951 249 1017 Unum
262 976 393 1039 namque
407 971 492 1020 tuum
503 979 602 1040 nuper
614 958 669 1020 bac
681 959 761 1020 caede
773 959 904 1040 peremi,

141 1047 182 1109 Et
193 1052 269 1112 mihi
281 1055 382 1134 praeda
393 1055 470 1137 jacet
482 1053 601 1134 pecuali
614 1064 700 1134 capta
710 1052 850 1113 ministro
862 1095 871 1129 ,

136 1141 372 1229 Injunctumque
387 1147 471 1210 uesas
480 1146 601 1224 sceleris
616 1147 675 1209 hoc
693 1145 824 1230 armiger
836 1145 964 1228 implet,

138 1241 265 1306 Damno
274 1261 376 1307 cresco
386 1254 439 1304 tuo
453 1243 643 1326 congaudens
661 1242 755 1304 ubere
769 1239 852 1302 fletu.

138 1336 284 1400 Protinus
295 1338 342 1400 his
354 1337 442 1400 dictis
455 1337 561 1398 sratres
577 1356 663 1398 sacer
674 1336 799 1398 advocat
812 1354 933 1408 omnes,

134 1431 179 1493 Et
193 1447 279 1516 pater
293 1453 346 1494 ore
360 1431 453 1494 refert
466 1431 609 1511 quicquid
627 1430 708 1490 ferus
722 1429 833 1491 indicat
846 1430 959 1506 hostis,

135 1525 293 1590 Sollicitus
307 1527 432 1608 nequid
446 1525 535 1608 lupos
545 1524 726 1605 abripuisset
738 1523 821 1585 ovili.

133 1613 320 1705 Perquirunt
332 1621 432 1683 socios
443 1619 605 1694 monachi,
619 1634 1029 1699 numerumque-recensent,
1094 1691 1095 1694 Ἴ

135 1714 198 1778 Sed
209 1736 297 1800 grege
311 1715 348 1775 de
362 1714 451 1775 niveo
466 1713 605 1774 modicus
617 1733 716 1792 neque
730 1713 825 1775 defuit
839 1734 950 1797 agnus,

135 1807 312 1876 Conductus
325 1808 466 1869 mercede
478 1818 581 1868 tamen
593 1807 675 1867 deest
686 1807 811 1870 rusticus
823 1828 903 1868 unus

130 1903 230 1991 Ligna
240 1904 384 1967 trahenda
397 1903 473 1965 focis
486 1921 649 1965 nemorum
661 1913 782 1963 vectore
795 1901 944 1978 bubulco,

133 1997 209 2080 Quo
222 2019 358 2082 propero
370 1998 454 2079 jubet
466 1997 512 2058 ire
523 1997 635 2081 gradu,
654 2014 832 2076 causamque
845 1997 979 2078 requiri:

132 2091 356 2155 Semianimem
368 2092 526 2154 inveniunt
538 2091 622 2153 missi
635 2110 778 2172 suprema
789 2105 980 2174 gementem,

130 2185 250 2250 Iudicat
262 2199 351 2266 atque
363 2209 490 2264 necem,
506 2190 579 2247 dum
596 2186 693 2248 adhuc
705 2206 797 2268 super
807 2185 915 2246 halitus
924 2201 1022 2264 errat,

132 2281 228 2362 Quod
245 2302 298 2342 sua
309 2281 405 2342 laxato
418 2294 519 2343 taurus
529 2281 608 2342 foret
621 2280 743 2366 inguina
755 2301 869 2356 como,

133 2373 338 2458 Explicitaque
350 2377 409 2437 fide
420 2377 513 2438 vitam
527 2397 597 2438 cum
608 2395 683 2438 voce
696 2374 826 2455 reliquit.

125 2470 197 2536 Nec
211 2485 348 2534 sanctum
359 2471 419 2532 hoc
431 2491 532 2532 errare
543 2471 631 2545 lacit,
647 2471 729 2550 quod
741 2468 853 2533 lecerat
869 2487 964 2530 error.

124 2565 258 2630 Additur
266 2565 338 2627 hinc
350 2564 440 2625 etiam
453 2585 556 2626 rerum
568 2566 715 2626 mirabilis
728 2567 824 2641 ordo,

125 2657 217 2722 Mille
229 2658 360 2720 nocendi
373 2671 451 2718 artes
464 2660 536 2719 dum
549 2660 681 2741 perfidus
695 2659 787 2721 exerit
797 2657 908 2720 hostis:

123 2752 221 2816 Nunc
231 2753 254 2812 J
257 2753 321 2816 ovis
332 2752 364 2813 in
378 2751 507 2829 faciem,
525 2773 606 2816 nunc
617 2775 649 2815 se
659 2753 802 2816 mentitus
816 2751 976 2828 Anubim,

126 2846 215 2930 Saepe
226 2847 330 2909 habitu
343 2845 494 2924 Veneris,
513 2848 676 2930 saepissime
690 2848 792 2909 fronte
805 2845 954 2910 ttinervae

127 2941 257 3008 Sedulus
272 2942 390 3004 insidiis
401 2956 503 3006 sancto
517 2965 570 3006 sua
580 2945 658 3006 seria
670 2965 833 3026 rumpens,

124 3036 264 3102 Diversis
275 3039 400 3116 formis,
414 3052 447 3100 ut
457 3052 557 3100 terror
570 3053 734 3114 cresceret,
750 3039 859 3116 ollert,

122 3131 166 3200 Et
180 3132 278 3200 rarius
291 3145 413 3220 generet
426 3133 528 3222 specie
542 3135 677 3198 variante·
687 3134 849 3213 timorem,
