2230 3838
142 243 201 342 128
401 255 437 310 v.
455 254 490 307 u.
513 251 765 306 uonuututrt

139 350 278 414 Pectoris
290 363 378 430 atque
389 348 451 410 mei
464 346 642 408 succenditis
654 345 722 428 igne
736 343 908 422 caminum,

181 444 276 506 Unde
290 443 475 505 ministratur
486 441 586 503 cordis
599 440 631 500 iu
644 459 712 501 arce
726 459 831 520 vapor.

142 538 308 619 Obsequor
319 538 408 611 hinc,
422 536 492 616 quia
506 556 555 595 me
568 533 660 596 veluti
675 533 796 595 fornace
811 546 951 610 recocto,

182 634 266 695 Artis
278 634 316 693 ad
330 631 463 694 officium
477 641 573 692 vester
585 627 684 710 adegit
697 647 793 689 amor.

215 785 304 837 vllt.
327 783 371 834 IN
394 779 571 834 LAUDEM
593 778 811 833 PARISIACI
831 779 967 832 CLElll.

146 893 256 978 Cursu
274 911 417 974 Parisiaci
430 911 505 974 cleri
520 910 687 972 reverentia
698 910 834 992 pollens,

186 1008 330 1071 Ecclesiae
342 1007 482 1089 genium,
494 1005 607 1088 gloria,
622 1026 750 1080 munus,
764 1005 873 1067 honor.

147 1101 292 1166 Carmine
305 1100 455 1163 Davidico
468 1100 569 1162 divina
582 1112 723 1180 poemata
737 1120 887 1183 pangens,

188 1195 335 1260 Cursibus
346 1196 471 1256 assiduis
484 1194 570 1256 dulce
584 1193 714 1255 revolvis
728 1214 814 1275 opus.

145 1290 221 1353 Inde
233 1283 419 1364 secerdotes,
433 1289 568 1351 leviticus
581 1288 653 1349 hinc
666 1287 758 1349 micat
771 1289 864 1350 ordo:

187 1385 261 1445 lllos
274 1384 414 1460 canities,
428 1384 484 1444 hos
497 1382 573 1444 stola
587 1382 713 1462 pulchra
724 1383 806 1465 tegit.

144 1477 210 1540 lllis
223 1478 321 1560 pallor
333 1479 429 1553 inest,
444 1477 539 1538 rubor
552 1476 598 1536 his
612 1477 642 1535 in
656 1475 785 1540 vultibus
799 1490 902 1556 errat,

187 1573 228 1633 Et
242 1574 369 1635 candent
382 1571 478 1633 rutilis
492 1570 555 1631 lilia
569 1571 660 1631 mixta
676 1571 760 1630 rosis.

146 1667 196 1728 llli
209 1671 270 1750 jam
284 1668 389 1742 senio,
404 1668 456 1728 sed
469 1665 540 1726 ethi
555 1664 633 1725 hene
647 1664 780 1725 vestibus
792 1663 914 1742 albent,

190 1761 233 1821 Ut
246 1761 363 1843 placeat
376 1780 495 1820 summo
509 1759 590 1841 picta
604 1777 717 1821 corona
732 1757 822 1834 Deo,

146 1853 184 1916 ln
197 1855 299 1916 medio
315 1853 487 1916 Germanus
501 1857 583 1915 adest
595 1854 717 1915 antistes
729 1853 867 1929 honore,

191 1948 256 2029 Qui
269 1949 342 2032 regit
354 1949 425 2012 hinc
437 1952 577 2031 juvenes,
592 1947 724 2030 subregit
737 1947 807 2007 iude
822 1969 918 2008 senes.

148 2043 261 2106 Levitae
275 2058 426 2126 praeeunt,
440 2043 574 2124 sequitur
587 2043 684 2126 gravis
697 2042 773 2102 ordo
786 2042 943 2118 ducatum,

191 2137 260 2198 Hos
270 2139 434 2221 gradiendo
447 2150 568 2213 movet,
580 2137 636 2199 hos
650 2137 836 2196 moderando
850 2137 951 2199 trahit

148 2231 219 2315 lpse
230 2247 332 2294 tamen
345 2234 456 2295 sensim
471 2232 583 2295 incedit
595 2232 676 2294 velut
689 2231 766 2291 alter
778 2229 901 2306 Aaron,

190 2327 265 2389 Non
279 2330 316 2389 de
330 2341 409 2390 veste
423 2329 538 2402 nitens,
553 2328 605 2388 sed
619 2327 729 2408 pictate
743 2323 878 2405 placens.

148 2422 480 2504 Nonlapides‚coccus‚
489 2422 754 2494 cidarim,aumm,
764 2439 911 2500 purpura,
920 2419 1043 2506 byssus,

189 2515 345 2577 Exornant
357 2518 518 2591 humeros,
533 2517 585 2578 sed
597 2514 690 2577 micat
702 2513 781 2573 alma
796 2514 879 2575 fides.

147 2609 208 2672 lste
219 2611 288 2671 satis
303 2611 413 2672 melior
426 2612 520 2672 veteri
533 2631 622 2692 quam
635 2609 699 2691 lege
713 2608 868 2684 sacerdos,

192 2703 255 2765 Hic
268 2704 338 2783 quia
349 2726 421 2767 vera
434 2705 505 2768 colit
518 2706 599 2785 qnod
612 2703 696 2785 prius
707 2701 815 2762 umbra
828 2701 895 2764 luit.

150 2795 262 2880 Magna
275 2798 373 2860 futura
385 2814 511 2882 putans,
526 2797 684 2881 praesentia
697 2808 802 2858 cuncta
815 2795 984 2875 refellens,

191 2892 290 2952 Antea
302 2913 391 2956 carne
405 2916 528 2969 carens,
544 2914 633 2973 qoam
646 2910 716 2955 caro
727 2890 786 2950 fine
799 2909 897 2951 ruens.

152 2981 305 3048 Sollicitus
319 3009 491 3070 quenquam
504 3010 543 3050 ne
557 2990 681 3048 devoret
694 2983 740 3044 ira
752 2983 916 3065 luporum,

193 3077 319 3166 Colligit
331 3085 368 3146 ad
384 3086 596 3168 caulas-pastor
609 3080 732 3164 opimus
746 3099 830 3142 oves·
