2222 3852
137 248 200 326 234
384 265 424 322 u.
447 271 482 324 u.
506 269 759 330 corruatur

133 356 246 420 Invasit
258 368 392 420 nostram
403 361 501 422 subito
513 374 564 422 tua
574 365 667 446 gratia
680 378 835 444 mentem,·

177 449 222 510 Ut
234 453 326 512 modo
340 451 407 534 plus
420 468 535 532 vester,
550 477 641 536 quam
652 479 739 520 meus
751 481 814 524 esse
826 462 927 525 velim.

132 542 209 629 Quo
222 545 357 627 primum
369 546 504 628 placidos
516 552 614 612 merui
625 572 808 635 cognoscere
821 555 930 634 vultus,

177 635 253 698 Oris
266 640 304 700 ab
315 654 464 723 unguento
476 644 613 705 membra
625 645 737 708 refecta
747 667 830 731 gero.

136 729 302 813 Colloquio
313 733 393 796 dulci
404 735 514 796 satiasti
527 750 631 818 pectus
642 740 787 816 amantis,

174 824 259 888 Nam
272 827 347 888 mihi
360 828 468 902 devoto
482 830 611 891 danttua
624 834 716 895 verba
729 833 842 895 cibum.

133 919 328 982 Distribuuut
342 921 444 1002 epulas
456 923 506 984 alii
520 945 585 1003 quae
597 944 725 1005 corpora
738 924 898 1006 supplent,

175 1013 268 1076 Unde
280 1016 415 1076 animum
427 1016 530 1092 saties,
545 1018 596 1076 das
610 1018 704 1100 magis
716 1018 781 1099 ipse
793 1020 896 1100 dapes.

132 1105 209 1169 Non
220 1108 263 1170 sic
276 1108 410 1170 inficiunt
423 1108 624 1189 placidissima
636 1109 729 1171 mella
739 1110 905 1191 falernum,

175 1199 242 1263 Ceu
255 1214 320 1262 tuus
332 1202 472 1264 obdulcat
485 1223 616 1284 corpora
626 1216 728 1264 nostra
741 1224 842 1287 sapor.

135 1294 277 1377 Qualiter
288 1295 435 1370 oblectas,
449 1315 524 1376 quos
534 1316 655 1378 semper
666 1299 908 1378 amare-rideris,

177 1388 272 1450 Horae
286 1389 336 1470 qui
349 1390 446 1470 spatio
460 1410 510 1451 me
522 1390 595 1453 lacis
606 1411 670 1452 esse
682 1391 783 1452 tuum!

133 1482 215 1567 ¹Qua
226 1483 282 1545 tibi
294 1482 332 1545 sit
344 1483 455 1560 virtus,
468 1484 493 1544 si
506 1482 639 1565 possim,
653 1485 784 1565 prodere
796 1485 926 1564 vellem,

175 1574 237 1638 Sed
250 1596 343 1658 parvo
356 1576 477 1659 ingenio
491 1596 596 1661 magna
608 1577 720 1639 referre
734 1590 829 1642 vetor.

130 1668 261 1752 Exiguus
273 1670 370 1736 titubo
383 1681 532 1731 tantarum
545 1672 680 1753 pondere
693 1670 835 1748 laudum,

174 1761 235 1823 Sed
249 1761 357 1823 melius
367 1764 486 1846 gradior
496 1785 586 1844 quem
599 1777 649 1824 tua
659 1764 737 1826 sacta
750 1778 865 1848 regunt.

133 1853 277 1919 Massiliae
289 1857 411 1932 ductor,
425 1857 525 1918 lelieia
537 1870 605 1919 vota
618 1856 742 1931 dedisti,

175 1949 399 2029 Rectoremque
412 1970 498 2011 suum
511 1950 601 2011 laude
610 1971 743 2032 perenne
756 1949 857 2012 refert.

132 2044 198 2108 llic
208 2044 264 2105 tibi
277 2044 429 2116 consimili
440 2045 550 2106 merito
565 2043 733 2106 Germania
742 2043 877 2125 plaudit,

171 2138 221 2199 Ad
234 2138 352 2200 laudem
361 2139 442 2218 cujus
456 2150 548 2200 certat
561 2150 684 2217 uterque
698 2136 794 2200 locus.

130 2233 181 2295 De
192 2233 326 2294 bonitate
338 2244 389 2294 tua
401 2231 438 2292 lis
451 2244 494 2292 cst
506 2231 637 2315 regionis
650 2243 801 2311 utraeque,

172 2325 218 2388 Tc
232 2326 306 2408 petit
317 2325 369 2390 illa
380 2325 453 2401 sibi,
467 2326 531 2388 haee
544 2325 676 2387 retinere
691 2325 783 2406 cupit.

131 2420 288 2482 Justitiam
299 2439 415 2500 pauper
426 2438 580 2498 uunquam
589 2432 619 2480 te
632 2419 730 2501 judice
743 2419 863 2500 perdit,

172 2512 242 2576 Nec
253 2513 353 2595 potuit
364 2512 463 2594 pretio
476 2525 592 2575 vertere
602 2533 673 2575 vera
683 2525 801 2594 potens.

131 2605 207 2670 Nou
221 2606 292 2688 ligat
303 2605 489 2681 immunem,
504 2606 665 2672 nousolvit
676 2625 765 2688 poena
777 2619 958 2685 nocentem,

170 2698 227 2762 Nil
238 2716 367 2781 persona
380 2699 476 2780 capit,
489 2699 514 2760 si
526 2720 578 2760 sna
590 2720 676 2762 eausa
688 2713 784 2783 neget.

128 2791 260 2856 Lumina
272 2791 370 2854 cordis
382 2793 490 2869 habes,
502 2793 596 2862 animi
609 2793 743 2862 radiante
756 2792 894 2872 lucerua,

170 2886 212 2948 Et
222 2899 289 2949 tuus
300 2899 410 2948 aeterua
423 2887 489 2949 luce
503 2900 636 2950 coruscat
650 2907 733 2970 apex.

128 2980 256 3065 Ingenio
267 2994 399 3044 torrente
413 2980 520 3062 loquax
533 2984 570 3044 de
583 2983 665 3044 lonte
678 2982 808 3063 salubri,

169 3073 357 3160 Divitiasque
370 3076 435 3159 pias
449 3095 501 3138 ore
515 3073 627 3141 fluente
638 3076 724 3161 rigas.
