2222 3852
145 290 205 358 262
403 307 439 360 V.
463 303 498 360 Η.
518 301 769 359 connotant

144 400 220 462 lude
232 396 323 460 simul
335 395 442 459 iratres
454 411 484 458 et
494 397 573 460 celsa
583 410 701 460 caterva
713 397 856 480 piorum,

186 492 307 554 Lumen
318 491 518 572 apostolicum
531 493 758 574 praemeditante
772 491 875 553 Petro.

147 586 213 666 Qui
222 585 301 647 valet
313 606 348 646 ex
359 586 475 646 meritis
488 586 604 648 cineres
618 585 754 646 animare
765 586 919 667 sepultos,

186 678 228 740 Et
239 699 381 742 revocare
393 679 494 754 diem,
507 699 582 741 voce
595 679 737 760 jubente,
751 691 860 760 potest.

146 772 233 836 Hinc
243 775 382 835 mercede
393 773 461 854 pari
474 773 606 852 sequitur
619 773 687 854 pius
697 773 775 833 ordo
788 785 949 850 senatum,

188 866 226 928 ln
239 867 346 946 quihus
359 879 403 926 est
417 865 586 946 Stephanus
597 867 695 928 victor
707 865 824 928 honore
837 868 940 948 prior.

150 959 239 1041 Quos
248 959 323 1020 saxis
333 959 516 1041 gladiisque,
533 959 630 1035 same,
645 959 717 1035 site,
730 959 842 1044 frigore
853 1004 863 1038 ,
874 959 1037 1038 flammis,

190 1051 323 1134 Ereptos
333 1052 421 1113 terris
433 1053 527 1135 jungit
540 1053 572 1112 in
584 1063 661 1112 astra
671 1053 757 1113 fides.

153 1145 280 1210 Casibus
292 1146 351 1206 heu
361 1145 452 1206 variis
461 1166 538 1225 quos
550 1145 593 1207 sic
606 1144 673 1205 tulit
685 1145 731 1206 ira
744 1145 888 1223 finientis,

191 1238 234 1299 Et
244 1239 269 1300 si
280 1259 364 1300 mors
376 1239 496 1320 dispar,
510 1238 559 1299 lux
571 1250 673 1299 tamen
686 1259 747 1300 una
758 1252 850 1301 tenet.

150 1331 226 1394 Inde
240 1331 303 1394 Dei
314 1333 447 1415 genetrix
458 1332 510 1413 pia
521 1333 605 1414 virgo
618 1331 884 1409 Maria-coruscat,

192 1424 398 1509 Virgineoque
409 1426 477 1508 agni
492 1428 529 1486 de
540 1446 628 1508 grege
641 1426 722 1488 ducit
733 1446 813 1488 oves.

151 1517 213 1581 lsta
224 1518 353 1600 puellari
366 1519 468 1579 medio
483 1518 665 1580 circumdata
676 1531 771 1595 coetu,

192 1610 276 1675 Luce
289 1611 440 1693 pudicitiae
451 1610 609 1692 splendida
619 1624 713 1674 castra
726 1612 826 1674 trahit.

152 1703 216 1767 Per
227 1703 424 1786 paradisiacas
438 1703 541 1785 epulas
553 1725 606 1766 sua
618 1717 687 1767 vota
700 1719 857 1784 canentes,

194 1796 255 1857 lsta
267 1797 348 1860 dedit
360 1796 473 1873 violas,
488 1799 586 1879 carpit
596 1811 626 1858 et
637 1797 689 1858 illa
701 1818 794 1861 rosas.

153 1889 316 1952 Pratornm
328 1910 463 1973 gemmas
474 1909 508 1953 ac
521 1890 584 1950 lilia
594 1891 706 1973 pollice
719 1906 873 1975 rumpunt.

194 1981 237 2044 Et
247 1985 329 2064 quod
339 1985 498 2046 odoratum
512 1996 557 2046 est
569 1983 645 2046 flore
659 1999 797 2048 comante
810 1999 939 2050 metunt.

158 2075 326 2156 Christina,
352 2076 545 2160 Euphemia,
571 2077 621 2141 hic
648 2079 764 2162 pariter
784 2100 905 2161 quoque
927 2081 1049 2164 plaudit

321 2171 457 2256 Agathe,

197 2264 240 2328 Et
251 2265 372 2328 Justina
384 2266 474 2328 simul
485 2267 678 2331 consociante
689 2267 792 2334 Teela.
805 2303 808 2312 ·

158 2359 223 2423 Hie
236 2357 377 2436 Paulina,
391 2359 509 2444 Agnes,
522 2360 682 2439 Basilissa,
698 2361 834 2448 Eugenia
845 2378 992 2448 regnant,

197 2452 240 2515 Et
252 2474 441 2534 quascunque
455 2474 538 2518 sacer
550 2458 628 2518 vexit
640 2458 679 2518 ad
689 2471 768 2520 astra
778 2460 887 2541 pudor.

156 2545 276 2609 Felices
287 2567 414 2627 quarum
429 2545 543 2610 Christi
556 2551 701 2635 contingit
713 2571 818 2615 amore

196 2638 311 2702 Vivere
325 2652 473 2722 perpetuo
488 2643 613 2704 nomina
626 2644 681 2704 lixa
696 2644 787 2707 libro.

158 2732 225 2795 llas
236 2732 315 2793 inter
327 2734 453 2797 comites
467 2739 628 2820 conjuncta
642 2735 769 2812 Carraria
781 2737 889 2822 fulget,

198 2826 403 2909 Temporibus
414 2829 525 2892 nostris
538 2829 715 2894 Arelatense
728 2833 827 2894 decus.
909 2883 913 2891 .

162 2918 286 2985 Caesarii
298 2922 420 2984 monitis
431 2923 490 2986 luci
504 2925 615 2987 sociata
626 2926 775 3006 perenni,

204 3013 239 3078 si
251 3037 313 3077 non
327 3017 481 3101 martyrii,
494 3018 672 3102 virginitatis
685 3039 755 3101 ope.

165 3105 254 3186 Quos
267 3107 378 3171 Liliola
391 3110 482 3172 refert
493 3113 614 3192 aequatis
627 3112 764 3176 moribus
774 3112 898 3190 amhos,
