2218 3862
250 340 494 397 POEMATUM
514 344 643 400 LIBER
660 349 748 403 VIII.
887 337 946 420 287

96 436 144 500 Ac
157 435 235 499 levat
248 434 396 508 excelsum
409 435 609 518 serreaporta
622 453 722 522 caput.

54 531 103 594 Tu
116 530 221 613 patriae
234 530 330 591 radias
344 531 534 592 adamantina
546 533 637 595 turris
650 535 688 595 ab
704 549 822 616 austro,

98 625 138 686 Et
152 638 236 687 scuto
248 624 347 686 stabili
361 625 484 706 publica
496 639 566 689 vota
579 627 661 711 tegis.

55 720 129 782 Neu
139 731 241 803 gravet
252 719 316 781 haec
329 718 453 798 aliquis,
468 721 520 802 pia
533 725 758 806 propugnacula
769 727 882 806 tendis,

97 814 145 876 Ac
158 813 290 896 regionis
302 833 376 895 opes
388 812 485 874 limite
496 815 574 876 sorte
588 816 681 879 foves.

58 905 143 987 Quid
158 908 195 968 de
209 906 326 988 justitiae
340 907 470 969 referam
484 911 694 974 moderamine
707 913 869 999 princeps?

97 998 172 1082 Quo
187 1000 267 1062 male
281 1022 372 1062 nemo
385 1002 482 1080 redit,
497 1004 614 1065 sibene
627 1007 704 1088 justa
718 1010 801 1088 petit.

57 1097 150 1182 Cujus
164 1098 261 1160 inore
275 1099 374 1181 probo
388 1120 536 1160 mensurae
550 1101 629 1162 libra
641 1115 778 1181 tenetur,

94 1193 253 1274 Rectaque
266 1213 422 1255 causarum
436 1193 516 1255 linea
530 1196 623 1256 currit
634 1196 700 1258 iter.
729 1205 732 1210 “

53 1286 123 1358 Nec
133 1307 223 1348 mora
235 1287 282 1362 fit,
297 1308 369 1349 vero
381 1286 470 1349 falsus
481 1288 558 1349 nihil
573 1289 699 1370 explicat
712 1311 817 1370 error,

94 1381 285 1462 Judiciisque
296 1381 354 1442 tuis
368 1381 448 1443 fraus
461 1381 551 1466 sugit,
567 1384 643 1443 ordo
656 1384 743 1445 redit.

56 1473 141 1556 Quid
148 1495 350 1554 ,quoscunque
363 1476 455 1536 etiam
468 1477 553 1560 regni
567 1477 681 1537 ditione
692 1478 855 1560 gubernas,

95 1569 228 1632 Doctior
239 1569 360 1653 ingenio
373 1569 469 1632 vincis
482 1583 513 1631 et
526 1590 580 1631 ore
593 1570 722 1650 loquax?

54 1662 240 1727 Diseemens
252 1663 348 1725 sarias
360 1664 413 1724 sed
425 1663 510 1725 nullo
524 1664 689 1746 interprete
703 1686 809 1745 voces,

94 1757 136 1818 Et
149 1777 294 1840 generum
306 1756 420 1841 linguas
435 1758 523 1820 unica
535 1758 636 1842 lingua
648 1759 748 1821 refert.

52 1849 153 1935 Erigit
164 1851 282 1935 exiguos
294 1863 345 1911 tua
356 1851 561 1914 munificentia
573 1866 711 1930 cunctos,

94 1944 135 2006 Et
145 1947 227 2025 quod
239 1945 290 2006 das
302 1945 433 2021 famulo,
447 1945 544 2009 credis
557 1946 588 2006 id
602 1967 664 2008 esse
678 1941 773 2010 tuum.

55 2037 196 2118 Qualiter
207 2039 279 2101 hinc
290 2039 395 2099 itidem
409 2051 460 2099 tna
472 2059 503 2100 se
517 2037 822 2121 preconia'tendunu

95 2131 207 2193 Laudis
219 2145 249 2194 et
259 2133 319 2194 hoc
331 2132 452 2194 cumulo
466 2134 598 2196 concutit
611 2147 687 2194 astra
700 2135 809 2218 fragor.

57 2223 114 2288 Cui
125 2225 217 2287 simul
228 2245 312 2288 arma
324 2223 440 2302 lavent,
455 2239 485 2288 et
498 2226 597 2288 littera
609 2241 721 2290 constat
733 2249 854 2306 amore,

96 2319 182 2381 Hinc
193 2320 300 2381 virtute
312 2333 438 2402 potens,
454 2323 573 2396 doctus,
588 2335 618 2383 et
629 2322 699 2383 inde
712 2322 842 2403 placens.

52 2411 137 2474 lnter
148 2426 309 2494 utrumque
322 2433 407 2497 sagax
417 2416 510 2476 armis
520 2428 550 2476 et
560 2418 626 2499 jure
639 2416 794 2498 probaris,

93 2505 230 2590 Belliger
241 2507 314 2570 hinc
326 2509 439 2586 radias,
452 2508 557 2593 legiler
570 2511 640 2573 inde
652 2512 755 2574 micas.

51 2598 104 2660 De
117 2600 225 2662 virtute
239 2614 340 2682 pater,
354 2616 511 2684 reparatur
521 2604 682 2667 avunculus
695 2626 765 2682 ore,

93 2692 252 2757 Doctrinae
265 2695 362 2758 studio
376 2697 471 2760 vincis
484 2711 513 2758 et
525 2719 617 2759 omne
630 2721 731 2783 genus.

50 2785 188 2870 Regibus
200 2789 321 2870 aequalis
334 2791 371 2851 de
386 2791 519 2853 carmine
532 2795 631 2874 major
644 2794 778 2870 haberis,

94 2880 246 2966 Dogmate
259 2883 308 2946 vel
320 2883 416 2965 qualis
428 2906 491 2946 non
504 2886 560 2947 suit
571 2901 639 2949 ante
652 2908 770 2968 parens.

50 2973 99 3035 Te
113 2995 197 3038 arma
210 2976 309 3038 serunt
321 2979 424 3061 generi
436 2978 587 3056 similem,
604 2983 657 3042 sed
670 2981 770 3042 littera
781 2981 919 3063 praefert,

95 3066 148 3133 Sic
159 3083 296 3134 veterum
309 3092 412 3155 regum
424 3093 480 3156 par
492 3074 582 3138 simul
595 3090 682 3156 atque
697 3075 789 3157 prior.

52 3161 242 3228 Admirande
253 3165 330 3230 milti
342 3167 472 3232 niunium
486 3190 552 3246 rex,
566 3173 649 3252 cujus
663 3169 767 3251 opime
