2222 3852
279 365 518 418 eonuururu
540 364 667 418 nrnnn
689 365 760 419 vrr.
902 354 964 420 283

121 457 213 521 Texit
226 471 258 521 ut
271 460 323 522 ille
334 461 456 538 babitu,
472 482 528 523 nos
538 462 593 524 alis
605 463 670 544 ipse
684 463 763 524 cibo.

72 551 256 636 Discipulus
267 555 418 637 placidum
431 556 549 637 sapiens
561 557 708 617 imitando
719 554 915 638 magistrum,

117 646 178 709 Ille
190 649 243 709 ubi
255 649 311 710 dux
324 649 434 711 residet
441 648 455 726 ‚'
465 649 553 711 miles
564 650 689 712 habebis
703 670 804 732 opem.

73 739 122 802 Ut
133 743 326 824 chlamydem
338 742 389 803 ille
401 743 501 824 prius,
513 744 559 805 sic·
569 756 601 805 tu
615 743 736 825 partiris
748 742 876 827 agellum
888 766 901 803 e

116 835 176 897 llle
188 837 315 920 tegendo
328 849 453 919 potens,
466 850 557 916 tuque
570 837 701 900 fovendo
713 839 813 901 decus.

74 927 133 990 llle
147 929 273 1011 inopem
287 931 442 1010 antiquum
455 930 609 1006 relevans,
623 944 657 991 tu
670 951 738 994 care
751 931 928 1010 novellum,

118 1022 172 1082 Pit
185 1023 267 1085 dives
279 1024 390 1084 merito
402 1043 536 1106 paupere
549 1024 674 1105 quisque
689 1046 754 1087 suo.

74 1114 213 1200 Quando
224 1131 402 1199 reposcetur
410 1119 513 1179 vestris
526 1119 604 1178 redit
617 1119 718 1180 usibus
733 1140 861 1197 aruum„

115 1208 159 1270 Et
172 1211 300 1272 domino
311 1211 439 1293 proprio
452 1211 641 1272 restituemus
653 1232 768 1296 agrum.

74 1299 172 1364 Unde
184 1305 299 1386 amplas
309 1305 410 1366 refero
423 1318 539 1387 grates,
554 1304 725 1370 dulcissime
739 1319 861 1384 rector,

119 1395 162 1458 Et
175 1412 280 1479 repeto
292 1418 425 1481 pangens
437 1399 500 1461 baec
513 1411 578 1473 tua,
593 1413 713 1479 pastor,
728 1400 801 1460 ovis.

78 1487 149 1553 Nec
162 1502 277 1552 tantum
291 1493 405 1568 reddo,
416 1504 560 1572 quantum
573 1491 627 1551 tibi
642 1493 739 1553 debeo
752 1491 881 1574 praesul,

121 1583 186 1647 Pro
200 1585 369 1650 Fortunato
381 1587 433 1646 sed
445 1606 518 1668 rogo
531 1583 619 1647 flecte
633 1585 747 1648 Deum.

115 1730 187 1783 xrtt.
205 1729 254 1780 AD
271 1727 394 1791 resurr,
414 1723 484 1779 Ptto
502 1726 673 1779 PELLIBUS
690 1727 933 1782 rnANsttttssts

80 1842 247 1946 Ecnnutu
257 1875 413 1946 compacta
427 1863 502 1939 situ,
517 1863 673 1944 phalerata
682 1877 806 1943 rotatu„

120 1959 220 2038 Atque
233 1955 407 2039 Sophocleo
419 1958 527 2040 pagina
540 1957 619 2020 fulta
625 1960 733 2040 sopho.

80 2051 135 2114 Me
148 2063 284 2112 arentem
296 2047 399 2112 ¹uestro.
409 2051 571 2112 madefecit
583 2052 687 2133 opima
700 2053 812 2136 rigatu,

121 2145 209 2208 Fecit
223 2157 252 2206 et
265 2144 406 2224 eloquio,
419 2144 501 2225 quod
514 2143 639 2222 loquor,
654 2165 717 2206 esse
728 2159 790 2206 tuo.

80 2240 204 2316 Dulcis,
218 2259 302 2314 cure,
317 2239 440 2314 decens,
454 2237 598 2313 facunde,
613 2238 741 2322 benigne
756 2235 908 2320 Gregori,

120 2336 221 2415 Atque
233 2345 318 2416 pater
329 2332 642 2415 patriue‚‚hinc.sacer‚
655 2332 816 2405 indecate,
904 2396 910 2406 ,

81 2429 279 2503 Muneribus,
293 2426 428 2500 meritis,
442 2425 552 2487 animis
564 2438 594 2485 et
605 2425 740 2485 moribus
753 2424 868 2505 aequis,¹

123 2521 279 2584 Omnibus
292 2518 399 2580 officiis
411 2519 490 2579 unde
504 2519 612 2582 coluris
624 2519 727 2580 bobes.

81 2615 137 2679 Me
149 2615 352 2676 Fortunatam
362 2612 417 2674 tibi
430 2611 510 2676 celso
523 2625 625 2674 sterno
639 2612 805 2694 pusillum,

125 2707 319 2771 Commendo
333 2717 363 2766 et
375 2717 445 2766 uoto
458 2705 595 2787 supplice
610 2706 665 2766 rite
678 2719 774 2768 tuum.

84 2801 144 2868 Cui
153 2804 205 2863 das
217 2802 296 2862 unde
309 2799 368 2861 sibi
381 2798 486 2860 talaria
497 2799 588 2860 missa
602 2798 747 2883 ligentur,

124 2895 259 2958 Pellibus
272 2906 302 2956 ct
313 2891 409 2954 niveis
422 2893 482 2952 sint
494 2893 557 2954 sola
570 2906 649 2956 tecta
660 2895 761 2974 pedis.

82 2989 144 3055 Pro
157 2991 265 3074 quibus
276 3009 293 3049 a
304 2986 430 3049 domino
444 2986 530 3048 detur
543 2987 619 3048 stola
631 2988 757 3050 candidu
771 2987 876 3066 uobis,

125 3083 192 3171 Qui
203 3086 278 3150 datis
290 3084 350 3150 hoc
361 3080 515 3160 minimis,
528 3082 607 3145 unde
621 3081 725 3145 ieratis
738 3100 846 3165 opem..
