2222 3852
263 347 507 402 nonnarum
527 348 652 403 mnan
673 351 742 404 v11.
886 346 947 433 ²7³

100 445 182 528 Quae
195 445 324 508 vixdum
337 447 475 529 peperit,
488 448 552 510 haec
565 450 659 509 modo
671 449 759 512 funus
772 451 871 514 hahet.

55 539 129 603 Nec
141 554 237 602 mater
249 540 360 602 meruit
373 541 514 618 demum,
529 564 585 604 nec
600 543 684 627 virgo
697 545 808 608 vocari.

99 633 179 698 Haec
192 636 251 695 duo
265 636 374 696 damna
386 633 490 698 dolens
503 656 534 698 se
548 637 628 698 male
639 649 733 720 nupta
745 640 848 723 gemit.

57 727 175 790 Omnis
186 748 249 788 non
260 729 350 790 validi
363 741 406 790 est
415 750 484 811 spes
497 751 621 812 prorsus
632 745 718 816 rapta
731 733 861 813 doloris,

97 821 169 884 Nec
182 819 255 883 fletu
267 823 329 882 nati
342 843 374 883 se
388 823 470 884 fovet
482 823 533 885 illa
548 825 603 885 sui.

56 914 133 979 Nun
146 935 229 978 caras
240 915 386 1000 lacrymas
396 917 519 978 infantis
530 919 569 978 ab
583 939 636 980 ore
649 921 806 1001 resorbet,

96 1010 160 1070 Aut
173 1022 290 1070 teneras
301 1030 391 1073 voces
402 1008 479 1074 lactc
491 1003 603 1085 fluente
616 1014 704 1096 rapit.

56 1101 165 1164 Tristis
178 1104 332 1184 decrepito
346 1105 468 1167 damnat
478 1126 530 1168 sua
544 1106 658 1169 viscera
670 1107 769 1187 luctu,

98 1197 174 1277 Quo
186 1198 277 1280 jacuit
286 1211 388 1274 natus,
404 1199 463 1259 heu
476 1199 558 1260 dolet
571 1199 622 1261 illa
634 1202 744 1264 sinum.

60 1290 154 1373 Quod
166 1291 192 1374 si
203 1289 263 1353 vita
276 1305 377 1353 manet
389 1293 497 1374 pueri,
512 1315 570 1356 nec
582 1314 704 1377 semper
712 1295 868 1375 habenda,

99 1377 231 1468 Incipiat
242 1397 362 1447 teucros
376 1399 407 1446 ut
421 1388 492 1448 dare
504 1408 578 1450 voce
590 1408 689 1450 sonos.

57 1480 241 1563 Imperfecta
253 1480 335 1540 rudis
349 1479 495 1542 collidens
507 1502 664 1544 murmura
678 1481 804 1566 lingnae,

100 1569 184 1636 Cum
198 1587 326 1635 matrem
340 1573 420 1635 dulci
432 1594 506 1635 voce
520 1594 653 1636 susurrus
667 1574 729 1636 alit.

60 1667 281 1750 Contingatque
293 1668 393 1742 nefas,
410 1668 543 1748 rapiatur
554 1681 678 1749 pectore
690 1669 812 1747 matris,

97 1760 191 1824 AEtas
203 1763 240 1822 ad
252 1764 395 1822 damnum
408 1761 500 1824 crevit
511 1761 611 1822 adulta
623 1783 720 1825 suum.

57 1855 160 1918 Triste
175 1854 327 1938 flagellatis
338 1854 471 1939 genetrix
484 1854 588 1916 orbata
603 1856 738 1936 capillis,

96 1949 245 2012 Defuncti
256 1950 287 2009 iu
299 1949 387 2010 labiis
400 1948 495 2009 ubera
505 1948 582 2010 sicca
595 1949 717 2031 premit.

58 2042 226 2118 Infundeus
239 2040 386 2126 lacrymas
399 2040 531 2101 lamenta
542 2043 695 2103 resuscitat
708 2043 831 2120 ardens,

99 2135 141 2197 Et
148 2136 281 2220 gelidum
291 2154 402 2215 corpus
414 2134 498 2196 lonte
513 2147 635 2220 tepente
647 2134 735 2196 lavat.

61 2229 214 2293 Dilacerat
227 2229 354 2304 faciem,
368 2227 485 2291 crinem
498 2228 612 2303 aufert,
625 2241 748 2310 pectora
757 2227 874 2305 tundit,

100 2323 172 2386 Heu
184 2324 273 2385 dolor
287 2335 417 2384 armatus
427 2322 469 2385 sic
480 2343 532 2383 sua
546 2323 683 2384 membra
694 2323 778 2384 ferit!

61 2415 95 2479 si
109 2417 189 2479 videt
203 2417 325 2478 alterius
336 2429 456 2492 natum,
471 2436 523 2476 sua
534 2418 660 2499 pignora
670 2415 778 2492 deflet,

101 2508 331 2591 AEqualemque
343 2531 429 2571 suum
441 2509 531 2570 tristis
543 2510 641 2571 obisse
652 2509 754 2593 gemit.

58 2603 147 2665 Alter
159 2604 185 2664 si
197 2602 316 2686 ploret,
332 2616 448 2677 currat,
461 2615 535 2679 stet,
548 2605 672 2686 gaudeat
683 2603 798 2680 inians,

100 2697 182 2760 Ante
195 2697 302 2760 oculos
312 2698 375 2758 nati
387 2697 463 2759 ludit
474 2697 572 2780 imago
587 2698 641 2758 sni.

60 2791 166 2872 Quem
178 2791 272 2852 semel
285 2791 406 2866 effudit,
417 2811 473 2874 per
484 2804 591 2853 cuncta
603 2805 759 2854 momenta
770 2793 911 2874 requirit,

100 2884 134 2946 N
136 2905 171 2948 ec
184 2885 301 2946 miserae
311 2885 415 2946 matris
427 2886 539 2966 pendet
549 2886 588 2947 ab
602 2906 655 2948 ore
665 2907 751 2968 puer.

59 2978 148 3060 Quid
159 2979 185 3039 si
198 2976 278 3039 aliud
290 2979 424 3063 gravius?
438 2981 585 3040 moriatur
596 2995 629 3041 ut
641 2981 706 3064 ipse
717 2979 838 3063 jugalis,

102 3069 183 3152 Quae
193 3092 273 3132 nova
285 3085 379 3153 nupta
392 3072 463 3149 tuit,
478 3074 539 3154 jam
552 3073 669 3136 viduata
677 3077 765 3157 jacet.

57 3165 460 3246 Detbalamoadtumulum,
470 3167 563 3228 modo
571 3163 943 3250 candida,tamcitouigra,
