2230 3838
320 337 561 395 POEMATUM
584 337 713 395 LIBER
738 339 758 394 l
917 326 980 389 '105

97 427 194 510 Quam
206 436 399 495 venerandus
412 434 502 494 habet
513 433 671 515 propriam
682 431 851 518 Dionysius
864 434 979 512 aedem,

130 524 274 588 Nomine
286 528 341 589 sul)
354 530 437 610 cujus
450 522 629 590 sanctificata
640 529 725 589 nitet.

94 616 153 699 Qui
164 621 306 684 fervente
318 622 379 683 fide
395 619 508 684 Christi
522 621 664 682 solidatus
677 640 802 698 amore,

128 712 257 777 Vertice
270 716 427 799 supposito
442 714 519 778 colla
527 717 655 778 secanda
665 717 758 780 dedit.

90 803 308 872 Membrorum
323 822 516 892 contemptor
528 823 593 870 erat
606 810 757 891 cupiendo
771 830 936 888 eoronam,

124 901 197 965 Vile
212 917 327 986 putans
338 905 482 984 quicquid
493 905 586 966 ferret
599 924 704 966 amore
715 903 788 966 Dei.

88 993 129 1056 Ut
141 1000 300 1060 moritura
311 1019 382 1061 caro
394 1001 509 1059 donum
520 998 692 1060 immortale
702 1011 840 1081 pararet,

122 1089 270 1156 Vulnera
282 1092 402 1167 dilexit,
417 1094 470 1154 sed
483 1093 611 1156 caritura
624 1115 708 1157 nece.

85 1181 199 1246 Hostili
211 1207 379 1250 occurrens
390 1187 490 1271 gladio
503 1208 536 1249 se
547 1188 631 1248 misit
642 1185 804 1272 Olympo,

28 1315 31 1320 ,
123 1277 220 1343 Unde
233 1282 318 1342 mori
330 1281 425 1344 roluit
437 1294 505 1342 vota
518 1281 621 1342 salutis
632 1281 732 1342 habet.

83 1370 150 1438 Nec
162 1388 311 1460 congesta
323 1377 407 1458 prius
418 1377 560 1437 subtraxit
571 1376 641 1436 lana
653 1376 810 1450 sacerdos,

122 1466 200 1533 Haec
213 1471 277 1531 nisi
289 1471 450 1552 perliceret
462 1492 528 1552 quae
538 1471 633 1531 modo
646 1469 725 1533 culta
736 1468 871 1551 placent:

86 1559 212 1626 Assidue
222 1565 259 1624 in
273 1565 373 1646 prisco
388 1563 543 1627 celebrans
553 1564 727 1626 ceremonia
738 1561 873 1647 templo,

121 1655 239 1723 Donec
250 1659 308 1721 rite
320 1679 448 1742 sequeus
463 1658 676 1723 consolidasset
688 1679 774 1744 opus.

119 1814 179 1870 x11.
198 1816 255 1868 DE
272 1816 436 1872 Baslttca
455 1817 585 1872 SANC'l'l
601 1814 740 1870 BlBlANl
755 1812 936 1877 EPISCOPI,

115 1908 183 1947 uun
205 1909 245 1948 an
265 1911 382 1950 ausano
403 1912 536 1951 reasons
558 1909 706 1960 rumano,
732 1905 837 1948 noscas
857 1906 933 1944 vero

87 1971 972 2040 tuorum(annun,erusauuncnssoarsnarnacoflxcnucra,

147 2065 185 2104 en
202 2066 244 2106 ne
256 2065 347 2105 runca
359 2066 588 2118 accurremus
601 2063 739 2106 summan
752 2060 901 2116 ennomus

368 2129 536 2188 'mouetur
549 2143 708 2184 essemus.

85 2215 202 2301 Duru
216 2242 378 2304 sacerdotis
388 2241 515 2305 Bihiani
525 2241 640 2325 templa
652 2253 827 2317 coruscant,

125 2331 222 2412 Quo,
235 2335 260 2395 si
270 2336 346 2417 justa
359 2338 453 2419 petis,
468 2339 519 2398 dat
531 2338 583 2419 pia
596 2349 666 2397 vota
677 2336 770 2411 fides,

90 2420 164 2505 Quae
175 2429 287 2511 praesul
299 2431 433 2494 fimdarit
444 2452 537 2495 orans
548 2430 698 2492 Eusebius
709 2428 804 2506 olim,

124 2519 174 2584 Ne
188 2537 293 2587 tamen
311 2526 459 2608 expleret,
471 2540 574 2611 raptus
585 2527 622 2587 ab
638 2526 713 2586 orbe
725 2523 792 2585 luit.

91 2607 145 2676 Cui
157 2639 232 2679 mox
245 2617 387 2682 Emerius
399 2623 538 2686 successit
551 2623 584 2682 in
597 2641 668 2684 arce
678 2620 837 2695 sacerdos,

125 2706 187 2773 Sed
202 2726 334 2794 coeptum
346 2729 379 2776 ut
390 2730 535 2794 strueret,
549 2717 629 2778 lerre
642 2727 758 2778 recusat
771 2734 856 2777 onus.

88 2799 149 2882 Qui
162 2808 304 2887 precibus
315 2812 467 2872 commisit
480 2833 556 2894 opus
566 2812 623 2873 tibi
635 2831 716 2894 papa
726 2808 859 2887 Leonti,

126 2895 222 2983 Cujus
233 2904 270 2962 ad
282 2903 343 2966 hoc
352 2917 456 2968 votum
467 2907 578 2990 jugiter
587 2906 676 2967 instat
689 2925 787 2968 amor.

87 2985 176 3055 Ultro
188 2995 248 3057 tale
259 2998 348 3060 decus
360 3000 416 3062 tihi
429 3022 460 3063 se
473 3002 601 3064 servavit
613 3003 778 3086 agendum,

125 3084 194 3152 Nec
207 3092 268 3155 nisi
274 3106 305 3153 tu
318 3095 416 3158 fueras
429 3097 481 3176 qui
493 3096 560 3160 loca
572 3116 655 3159 sacra
668 3098 763 3158 dares.

90 3174 271 3250 Omeritum
283 3191 354 3274 justi
363 3211 539 3256 mansurum
552 3192 585 3255 in
597 3193 664 3256 luce
676 3191 826 3277 perenni,
