2222 3852
148 304 209 348 200
399 296 432 348 V.
454 294 488 348 H.
512 291 767 346 FORTUNATI

146 391 197 454 Ad
210 388 306 454 vultus
316 408 392 468 quos
403 385 499 470 pinxit
510 404 616 462 amor,
628 396 823 465 mentemque
837 384 981 472 fatigans,

55 517 59 528 ·
148 484 237 568 Saepe
249 505 305 567 per
319 481 489 564 amplexum
502 481 574 542 salsa
584 480 638 541 sub
652 481 781 564 imagine
794 479 874 542 lusit.

146 579 224 642 Mox
234 579 286 640 ubi
298 578 452 659 conspexit
462 575 539 639 coelo
551 586 710 656 superante
725 571 847 658 Cupido

146 673 293 759 Virginea
306 675 413 735 mitem
423 670 533 733 torreri
546 670 685 750 lampade
699 689 819 752 regern,

149 767 249 832 Laetus
262 769 303 830 ait
319 765 452 829 Veneri:
467 763 586 842 Mater,
598 766 659 847 jam
669 763 750 825 bella
763 767 882 848 peregi,

148 864 277 929 Pectore
291 861 426 946 flagranti
438 859 514 920 mihi
528 860 655 922 vincitur
668 858 744 920 alter
756 860 910 940 Achilles,

150 957 322 1043 Sigebertus
335 975 438 1018 amans
451 952 664 1015 Bruueebildis
676 953 809 1034 carpitur
821 955 909 1038 igne,

150 1051 229 1134 Quae
242 1052 340 1133 placet
352 1061 420 1131 apta
432 1048 521 1107 tboro
534 1047 659 1108 maturis
671 1047 782 1108 nubilis
794 1049 880 1110 annis

147 1145 314 1230 Virginitas
324 1143 357 1204 in
369 1141 444 1204 llore
457 1154 593 1214 tumens,
609 1139 765 1223 complexa
776 1143 905 1220 marito,

149 1238 298 1303 Primitiis
311 1236 457 1321 placitura
466 1235 543 1312 suis,
558 1256 615 1298 nec
626 1236 735 1296 damna
748 1237 871 1317 pudoris

152 1332 302 1406 Sustinet;
316 1333 396 1394 unde
411 1330 504 1414 magis
515 1329 634 1412 pollens
646 1330 748 1414 regina
761 1344 899 1410 vocatur,

150 1428 224 1492 Hoc
237 1448 356 1510 quoque
369 1427 452 1509 virgo
464 1425 561 1507 cupit,
575 1427 710 1507 quamvis
724 1427 902 1490 verecundia
915 1448 1005 1492 sexus

150 1513 279 1602 Ob'stet,
294 1535 393 1586 amata
404 1521 462 1583 viri
476 1522 577 1582 dextra
589 1520 702 1583 leviore
715 1521 853 1602 repellit,

145 1617 337 1703 Ignoscitque
349 1617 407 1679 sibi
420 1616 522 1699 culpas
534 1637 606 1698 quas
619 1616 719 1678 intulit
730 1617 815 1700 ignis.

149 1711 211 1776 Sed
223 1713 315 1772 modo
328 1710 394 1770 laeta
405 1712 492 1783 veni;
507 1710 650 1792 quoniam
665 1723 693 1772 te
707 1724 776 1772 vota
789 1711 959 1792 requirunt.

147 1805 224 1870 lllox
235 1804 341 1886 Venus
354 1805 507 1866 ambrosio
520 1805 613 1867 violas
626 1805 770 1868 admiscet
783 1826 925 1883 amomo,

146 1899 286 1963 Demetit
299 1919 396 1984 ungue
411 1919 510 1977 rosas,
524 1900 701 1984 gremioque
715 1900 851 1963 recondit
863 1921 974 1982 avaro,

148 1994 191 2057 Et
202 1995 316 2078 pariter
327 1994 442 2056 levibus
454 1993 606 2078 fregerunt
619 1995 721 2057 nubila
733 1994 859 2076 pennis,

147 2087 191 2150 Et
203 2109 312 2152 venere
325 2088 416 2150 simul
427 2087 574 2150 thalamos
586 2109 694 2151 ornare
705 2090 862 2172 superbos.

148 2183 234 2248 Hinc
245 2183 512 2268 Venusegregiam
525 2203 702 2265 praeponere
715 2184 806 2265 coepit
818 2183 996 2264 alumnam,

148 2277 225 2341 lude
241 2276 363 2360 Cupido
377 2280 492 2356 virum,
506 2277 688 2339 nubentibus
700 2279 791 2340 ambo
805 2279 957 2356 faventes,

149 2371 191 2434 Et
202 2372 288 2434 litem
301 2373 399 2434 fecere
413 2372 516 2454 piam:
530 2373 573 2434 sic
588 2371 696 2434 deinde
712 2370 834 2455 Cupido

149 2464 245 2528 Matri
257 2487 351 2549 pauca
364 2466 456 2528 relert
468 2491 476 2526 ε
489 2465 562 2528 'tihi
573 2489 664 2549 quem
677 2468 872 2550 promisimus
882 2467 934 2532 hic
947 2483 1014 2548 est,

151 2558 340 2644 Sigebertus,
353 2580 441 2622 amor
452 2562 575 2645 populi,
590 2561 638 2623 lux
651 2576 720 2624 nata
733 2576 910 2644 parentum,

150 2652 216 2734 Qui
228 2674 320 2738 genus
333 2675 350 2715 a
363 2656 483 2736 proavis
494 2655 584 2740 longo
597 2670 679 2719 tenet
692 2658 798 2719 ordiue
810 2678 933 2740 regum,

137 2745 191 2812 .Et
203 2768 287 2832 reges
298 2748 449 2832 geniturus
462 2750 534 2829 erit,
548 2773 616 2835 spes
629 2752 725 2835 gentis
738 2751 868 2834 opimae,

150 2840 225 2922 Quo
239 2843 331 2904 crevit
344 2844 441 2906 natale
454 2845 561 2924 decus,
575 2867 720 2930 generosa
730 2865 876 2930 propago.

149 2934 220 2999 Hac
231 2936 341 2998 melior
354 2939 391 2999 de
402 2939 495 3020 stirpe
507 2940 603 3018 redit,
616 2941 787 3020 famamque
798 2940 938 3023 priorum

149 3027 313 3093 Posteritas
325 3032 438 3094 excelsa
450 3033 532 3096 soret
544 3058 552 3096 ε
564 3035 614 3098 hic
626 3057 740 3098 nornen
755 3056 879 3100 avorum

148 3121 291 3189 Extendit
303 3126 433 3190 bellante
447 3148 556 3208 manu,
569 3129 616 3193 cui
630 3131 667 3192 de
680 3143 765 3216 patre
778 3131 889 3208 virtus,
