2230 3838
272 313 522 368 POEMATUM
545 313 677 372 LIBER
701 317 757 371 ΙΙΙ.
896 303 954 366 163

109 404 224 468 Gloria
237 405 416 485 pontificum
430 419 533 468 noster
544 419 573 468 et
585 406 661 469 altus
674 429 769 469 amor.

67 498 132 562 Per
142 520 235 579 quern
247 498 345 581 plebs,
359 501 457 583 regio,
469 502 655 585 peregrinus,
665 516 694 563 ct
705 504 813 586 hospes
824 503 954 580 aluntur,

112 595 151 655 ln
164 614 226 674 quo
240 606 347 656 cuncta
362 595 457 675 capit,
472 615 536 674 quae
549 595 607 656 sibi
620 597 744 678 quisque
756 599 848 679 cupit.

73 687 125 752 Ex
137 709 229 772 opere
243 687 413 749 immeritus
425 689 522 750 merui
535 690 585 772 pia
594 691 673 750 dona
684 693 821 772 patroni,

118 781 168 844 Ne
181 782 343 842 minimam
355 802 478 863 pascens
491 783 656 845 immemor
669 805 746 846 esses
758 807 856 846 ovem.

78 875 156 958 Quis
169 877 262 938 trahis
275 897 328 937 ore
340 897 442 960 greges
454 890 565 938 aeterna
575 879 611 938 ad
621 878 731 959 pabula
745 877 875 957 Christi,

115 969 262 1050 Qualiter
271 971 321 1032 bic
330 970 448 1047 vivant,
460 984 504 1033 est
515 993 634 1052 quoque
646 993 717 1035 cura
728 974 793 1034 tibi.

76 1063 211 1147 Semper
221 1077 252 1127 et
264 1065 398 1127 absentes
411 1087 542 1147 praesens
554 1078 604 1127 tua
617 1067 747 1150 protegit
759 1067 825 1143 ala,

117 1159 193 1240 Quo
205 1159 283 1240 pede
294 1178 356 1218 non
368 1160 480 1235 curris,
496 1179 620 1220 munere
632 1173 711 1222 totus
722 1163 802 1222 ades.

74 1251 260 1316 Muneribus
273 1254 376 1314 vestris
391 1253 489 1336 Agnes
502 1253 590 1314 simul
604 1268 653 1315 aut
667 1253 881 1338 Radegundes‚

116 1346 287 1429 Multiplici
301 1359 419 1408 orantes
426 1347 536 1408 ‘fomite
554 1349 635 1410 vocis
648 1361 746 1431 agunt.

73 1442 126 1503 Ad
138 1441 230 1503 ooelos
240 1444 426 1524 penetranda
438 1443 516 1502 feras
532 1455 615 1523 pater
628 1442 686 1502 alte
699 1442 829 1519 talenta,

8 1522 9 1530 ἵ
122 1534 200 1614 Quae
212 1549 338 1598 centena
350 1556 405 1596 suo
419 1548 557 1616 tempore
571 1536 649 1598 culta
661 1549 765 1596 metas.

80 1625 141 1690 Per
149 1630 479 1714 dominumregemque
487 1629 825 1711 bonnmprecoraulice
833 1628 961 1712 praesul,

118 1722 165 1786 Ut
178 1723 339 1786 fortunati
349 1726 389 1786 sis
401 1745 521 1786 mernor
533 1725 612 1786 alme
625 1725 677 1786 tui.

79 1878 188 1932 XXIV·
210 1877 267 1930 ΑΙ)
291 1877 422 1932 IPSUM
447 1879 613 1932 AVITUM
639 1878 964 1933 ARVERNENSEM

424 1970 631 2010 nrrscoruru.

80 2069 265 2153 Pramnos
277 2088 381 2172 jussis,
396 2109 480 2151 sacer
492 2108 526 2151 ac
539 2091 707 2151 venerande
720 2089 878 2168 sacerdos,

120 2185 162 2245 Et
174 2197 278 2266 pater,
293 2184 430 2265 imperiis
443 2183 537 2245 dulcis
551 2183 638 2244 Avite
651 2185 719 2245 tuis.

83 2277 268 2342 Garrulitate
280 2277 339 2338 levi
352 2277 453 2359 potius
466 2278 608 2339 stridente
622 2277 735 2358 cicuta,

124 2372 229 2452 Quam
241 2371 357 2454 placeat
369 2371 485 2452 liquido
499 2383 602 2433 nostra
614 2389 750 2432 camoena
762 2366 856 2430 rucio.

84 2465 146 2528 Sed
158 2480 260 2528 tamen
271 2480 303 2528 ut
317 2467 435 2530 veniam
449 2465 561 2528 tribuas
572 2463 691 2545 pietatis
704 2475 837 2538 amator,

123 2560 251 2622 Intende
265 2562 461 2642 obsequium,
473 2580 530 2621 nec
542 2559 685 2620 trutinato
696 2557 837 2639 sophum.

77 2653 214 2717 Munera
225 2676 283 2736 pro
295 2675 404 2739 magno
415 2655 551 2716 modicus
562 2653 624 2715 baec
637 2651 762 2733 parvula
772 2650 867 2713 solvo.

122 2747 272 2810 Peusetur
281 2750 375 2827 votis,
389 2762 432 2810 est
444 2749 492 2812 cui
504 2747 603 2832 lingua
617 2747 708 2808 rudis.

194 2905 290 2958 XXV.
313 2907 366 2958 AD
391 2904 569 2958 EUNDEM
592 2900 848 2956 EPISCOPUM.

76 3019 267 3102 Vrnruruu
280 3041 353 3122 quid
364 3041 442 3104 celsa
455 3041 528 3100 fides
541 3045 691 3098 mereatur
702 3033 845 3107 honoris,

122 3132 253 3200 Summe
265 3138 455 3204 sacerdotum
466 3133 560 3197 dulcis
573 3128 661 3194 Avito
674 3127 796 3210 probas.
