2230 3838
128 297 186 362 130
395 318 431 370 v.
450 319 483 372 u.
500 319 748 374 rouretum

126 404 190 468 Sub
204 408 279 469 duce
294 403 452 470 Germano
468 410 539 472 felix
551 412 697 475 exercitus
706 412 756 474 hic
769 422 829 487 est,

166 497 292 585 Moyses
303 505 393 565 tende
408 503 515 567 manus
522 548 531 582 ‚
546 519 578 567 ut
590 519 642 568 tua
654 520 751 570 castra-
760 508 856 590 juves«

140 654 193 707 IX.
213 655 268 706 DE
291 657 387 710 SlTU
409 655 741 712 PAtttslrtettttSts
763 653 995 713 Ecettsstffl.

126 768 168 853 St
183 785 392 849 salomoniaci
406 799 591 849 memoretur
601 786 741 848 machina
754 785 882 869 templi,

169 881 243 943 Arte
257 882 327 944 licet
338 901 392 963 par
403 881 458 954 sit,
473 879 631 961 pulchrior
644 881 698 940 ista
711 880 780 941 fide.

124 975 209 1038 Nam
223 996 405 1056 quaecunque
419 974 482 1037 illic
495 975 604 1035 veteris
617 974 766 1037 velamine
778 974 851 1059 legis

170 1068 279 1133 Clausa
293 1070 376 1129 fuere
388 1067 490 1150 prius,
504 1067 554 1130 hic
566 1081 696 1131 reserata
709 1081 822 1150 patent.

127 1158 248 1227 Floruit
261 1163 313 1224 illa
327 1163 449 1242 quidem
463 1161 546 1224 vario
561 1161 717 1246 intertexta
730 1161 871 1238 metallo,

171 1255 289 1320 Clarius
299 1257 350 1319 hic
364 1253 478 1318 Christi
490 1255 633 1338 sanguine
646 1256 739 1318 tincta
751 1257 837 1318 nitet.

127 1351 214 1413 lllam
229 1372 353 1425 aurum,
368 1349 502 1431 lapides,
518 1363 663 1411 ornarunt
676 1349 755 1434 ligna
767 1352 905 1428 cedrina,

170 1444 253 1507 Huic
266 1444 468 1506 venerabilior
481 1444 518 1505 de
532 1464 619 1506 cruce
630 1443 722 1527 fulget
734 1445 844 1507 ltouor.

123 1537 275 1603 Constitit
288 1538 340 1598 illa
353 1550 436 1599 vetus
449 1537 566 1598 ruituro
577 1550 686 1599 structa
698 1537 827 1599 talento:

170 1631 247 1698 Haec
258 1631 357 1716 pretio
368 1632 473 1691 muudi
486 1642 542 1692 stat
554 1631 681 1691 solidata
692 1631 810 1692 domus.

130 1724 298 1810 Splendida
310 1724 491 1789 marmoreis
504 1723 650 1788 attollitur
661 1725 728 1789 aula
738 1724 887 1792 columnis
895 1745 909 1808 ‚¹

171 1821 211 1882 Et
223 1822 293 1903 quia
306 1841 382 1905 pura
394 1834 495 1882 manet
505 1865 514 1901 ‚
525 1821 619 1906 gratia
634 1824 730 1908 major
744 1823 830 1886 inest.

128 1915 235 1981 Prima
248 1917 328 2002 capit
340 1918 439 1982 radios
453 1916 555 1982 vitreis
565 1917 681 1982 oculata
694 1917 850 1998 fenestris,

168 2013 360 2094 Artificisque
374 2033 465 2075 mauu
477 2013 581 2077 clausit
594 2013 626 2075 in
641 2033 709 2076 arce
723 2013 816 2076 diem.

132 2106 278 2171 Cursibus
291 2107 418 2169 Aurorae
430 2127 502 2191 vaga
513 2108 562 2168 lux
575 2107 726 2187 laquearia
737 2109 891 2191 complet,

172 2202 272 2283 Atque
285 2203 345 2262 suis
358 2202 447 2262 radiis
458 2202 508 2264 hic
519 2202 585 2262 sine
597 2201 661 2262 sole
676 2201 776 2265 micat.

132 2295 209 2358 Haec
224 2297 292 2378 pius
305 2297 424 2381 egregio
439 2317 489 2358 rex
504 2291 717 2358 Cbildebertus
730 2315 853 2376 amore,

172 2389 265 2451 Dona
278 2411 332 2452 auo
345 2390 459 2472 populo
471 2411 533 2451 non
547 2389 694 2450 moritura
708 2389 798 2451 dedit.

129 2482 227 2546 Totus
239 2484 271 2544 iu
284 2481 393 2546 ellectu
407 2483 501 2546 divini
516 2483 612 2545 cultus
625 2484 797 2561 adhoereus,

171 2575 316 2640 Ecclesiae
327 2579 409 2662 juges
421 2577 616 2660 amplificavit
628 2597 712 2660 opes.

68 2687 71 2692 ·
129 2669 356 2734 Melchisedech
368 2685 470 2736 noster
484 2673 594 2734 merito
608 2693 660 2734 rex
672 2685 760 2753 atque
773 2675 931 2752 sacerdos,

173 2762 349 2847 Complevit
363 2765 454 2827 laicus
469 2766 634 2850 relligionis
648 2785 733 2847 opus.

121 2858 257 2921 'Publica
268 2861 334 2943 jura
348 2881 468 2945 regens,
483 2872 512 2922 et
527 2861 606 2924 celsa
620 2860 731 2942 palatia
743 2881 880 2938 servans,

170 2951 273 3016 Unica
286 2954 463 3036 pontificum
477 2954 593 3039 gloria,
611 2972 720 3016 norma
733 2953 798 3015 suit.

131 3046 216 3110 Hinc
229 3049 353 3124 abiens,
364 3047 429 3112 illio
440 3049 619 3110 meritorum
634 3047 705 3108 vivit
718 3046 853 3126 honore,

174 3141 237 3205 flic
247 3163 366 3224 quoquc
377 3156 528 3228 gestorum
540 3143 628 3207 laude
641 3142 785 3227 perennis
798 3142 864 3206 erit.
