2230 3838
127 307 170 395 94
396 323 430 380 v.
447 319 483 378 n.
501 313 753 377 concurram

128 413 213 477 Hinc
225 427 295 498 pete
308 428 393 498 rapte
404 415 552 492 vias‚ubi
565 413 650 475 Julia
663 407 797 475 tenditur
809 407 909 496 Alpes·
1107 445 1108 492 p

126 509 228 573 Altius
240 529 411 594 assurgens,
427 523 457 571 et
470 529 558 570 mons
570 509 602 569 in
616 507 722 569 nubila
733 521 867 592 pergens

127 604 205 666 lnde
218 604 286 666 soro
298 604 365 665 Juli
379 605 416 666 de
427 604 553 666 nomine
566 603 717 685 principis
728 603 775 663 exi
785 639 799 680 ,-

128 695 191 759 Per
204 719 293 782 mpes
308 695 416 780 Osope
429 712 563 778 tuasque
576 697 688 757 labitur
701 699 809 773 undis,

129 791 172 854 Et
183 813 274 875 super
287 794 375 854 instat
388 794 472 873 aquis
487 791 679 854 Reuniatelia
691 793 813 853 montis.

132 885 218 949 Hinc
228 886 386 949 Venetum
395 887 485 948 saltus
498 888 677 968 campestria
689 907 780 970 perge
793 907 849 968 per
862 905 952 962 arra,

133 980 197 1043 Sub
211 993 353 1042 montana
367 982 489 1061 quidem
502 980 621 1043 castella
633 1002 689 1062 per
704 982 796 1042 ardua
810 981 957 1057 tendens,

131 1075 194 1138 Aut
207 1076 434 1157 Aquileiensem
447 1076 471 1136 si
486 1075 610 1136 sortasse
624 1075 783 1137 accesseris
794 1076 924 1152 urbem,

136 1170 302 1235 Cantianos
315 1170 434 1231 domini
447 1170 578 1230 nimium
592 1171 744 1231 venereris
757 1170 891 1246 amicos,

133 1266 182 1330 Ac
196 1265 356 1328 Fortunati
368 1265 559 1327 benedictam
572 1265 713 1349 martyris
725 1285 843 1326 umam,

134 1359 376 1441 Pontificemque
389 1360 474 1442 pium
490 1358 619 1420 Paulum
636 1360 793 1441 cupienter
805 1360 899 1421 adora

137 1456 203 1537 Qui
216 1477 266 1516 me
280 1455 431 1536 primaevis
444 1453 579 1518 converti
592 1453 716 1535 optabat
729 1454 767 1514 ab
781 1454 877 1514 annis.

139 1551 173 1614 si
188 1552 266 1633 petis
279 1549 354 1610 illud
368 1549 425 1610 iter
438 1570 496 1631 qua
509 1570 541 1610 se
557 1547 732 1612 Concordia
745 1549 836 1633 cingit
843 1589 858 1625 ,2

136 1645 320 1730 Augustinus
331 1646 412 1705 adest
425 1644 592 1726 pretiosus,
606 1642 815 1723 Basiiiusque3

139 1741 212 1822 Qua
226 1759 295 1801 mea
307 1737 466 1800 Tarvissus
479 1739 610 1815 residet,
624 1738 649 1799 si
661 1738 795 1800 molliter
807 1738 924 1816 intras,

136 1835 290 1898 lllustrem
303 1833 419 1896 socium
433 1831 572 1896 Felicem
584 1854 684 1914 quaeso
695 1834 834 1913 require,

141 1929 203 1994 Cui
213 1949 335 1990 mecum
346 1926 616 2013 lumen-Martinus
628 1927 759 1990 reddidit
772 1929 864 2006 olim,

142 2023 204 2086 Per
215 2035 352 2086 cenetam
363 2024 501 2108 gradiens
513 2035 543 2085 et
555 2021 671 2085 amicos
682 2021 955 2105 Duplavenenses3

143 2117 215 2200 Qua
224 2117 322 2180 natsle
335 2118 434 2179 solum
445 2131 489 2180 est
501 2119 578 2180 mihi
591 2119 751 2203 sanguine,
766 2120 837 2181 sede
848 2132 1029 2203 parentum,

143 2212 245 2276 Prolis
257 2213 341 2296 origo
354 2226 497 2296 patrum,
508 2213 617 2290 frater,
629 2235 733 2292 soror,
749 2215 825 2276 ordo
839 2227 989 2297 nepotum
1112 2267 1114 2272 .

144 2308 233 2392 Quos
244 2307 312 2373 colo
327 2309 430 2383 corde,
442 2309 513 2384 fide,
528 2310 672 2386 breviter,
687 2323 771 2393 peto,
786 2310 879 2372 redde
892 2310 1034 2378 salutem.
1104 2323 1113 2364 't

144 2403 179 2466 Si
195 2402 337 2468 Patavina
346 2403 402 2464 tibi
413 2416 513 2484 pateat
525 2402 588 2481 via,
601 2405 702 2489 pergis
709 2405 746 2466 ad
759 2406 883 2478 urbem;
1105 2422 1112 2439 “

144 2498 207 2561 Hic
220 2517 303 2560 sacra
315 2496 444 2558 Justinae
457 2518 531 2582 rogo
545 2499 646 2560 lambe
658 2499 817 2582 sepulchra
829 2501 943 2578 beatae,

145 2592 240 2674 Cujus
252 2593 341 2654 hahet
353 2593 452 2675 paries
466 2591 593 2654 Martini
606 2608 687 2678 gesta
699 2595 810 2679 figuris.

145 2687 256 2768 Quone
270 2687 371 2748 salutis
383 2709 459 2770 opus
471 2688 550 2751 celso
565 2690 703 2771 depende
717 2688 740 2749 J
742 2691 855 2766 oanni,

143 2782 244 2862 Atque
257 2782 316 2842 suis
328 2782 426 2866 gentis
436 2783 526 2846 sociis
537 2805 593 2866 per
606 2785 741 2847 carmina
752 2785 862 2846 nostris
875 2807 883 2844 ε

146 2875 210 2938 Hic
220 2875 276 2936 tibi
290 2874 399 2938 Brinta
412 2876 508 2938 fluens
519 2878 577 2940 iter
590 2891 634 2939 est
647 2877 807 2942 Retenone
820 2880 971 2956 secundo,

145 2969 320 3054 Ingrediens
330 2971 458 3035 Athesin
472 2971 573 3033 Padus
582 2973 707 3054 excipit3
724 2974 795 3036 inde
807 2974 947 3057 phaselo,

147 3062 276 3126 Mobilis
287 3066 366 3126 unde
380 3066 435 3126 tihi
449 3066 564 3147 rapitur
577 3067 649 3127 ratis
661 3087 750 3129 amne
765 3071 866 3131 citato.

147 3157 223 3220 lude
235 3157 444 3222 Ravennatem
458 3160 598 3241 placitam
611 3175 680 3244 pete
695 3164 811 3229 dulcius
821 3164 951 3240 urbem,
