2222 3852
280 329 524 384 POEMATUM
549 331 668 386 LIBER
690 335 741 386 vl.
889 331 949 394 253

58 423 190 488 Doctus
203 424 404 488 Achaemeniis
418 427 526 508 quaevis
537 431 722 511 praescribite
734 432 840 516 signis,

104 520 174 580 Ant
185 521 278 604 magis
291 521 432 606 Argolico
446 543 541 607 pange
553 543 663 585 canora
676 527 781 607 sopho.

58 612 207 675 Barbara
218 615 356 678 fraxineis
369 618 507 700 pingatur
519 618 613 679 rhnna
627 620 759 695 tabellis,

108 707 268 789 Quodque
282 732 412 796 papyrus
423 712 482 787 ait,
497 713 609 796 virgula
622 714 711 796 plana
723 715 810 778 valet.

60 801 184 886 Pagina
197 803 245 864 vel
260 806 359 866 redeat
372 807 538 887 perscripta
550 806 671 869 dolatile
685 810 801 885 charta,

107 895 208 978 Quod
221 897 312 980 relegi
323 899 452 980 poterit,
466 901 577 964 fructus
589 905 714 964 amantis
728 907 794 966 erit.

183 1054 267 1106 xlx.
289 1055 343 1106 AD
359 1056 540 1110 'FLAVUM
555 1057 608 1109 rET
630 1057 841 1113 EVODIUM.
864 1104 866 1108 .

68 1169 183 1271 Quum
196 1189 274 1249 bene
286 1189 469 1249 conveniunt
481 1188 599 1272 genitor
612 1209 686 1269 quos
699 1190 814 1251 sustulit
825 1211 917 1270 unus,

107 1282 146 1344 si
156 1282 247 1343 simul
260 1281 315 1342 hos
328 1303 421 1343 uuum
434 1296 536 1364 pectus
548 1296 688 1363 utrosque
702 1284 797 1344 tenet!

63 1377 245 1440 Visceribus
258 1377 353 1437 isdem
366 1378 481 1460 genitos
496 1377 623 1438 Flavum
637 1377 864 1458 Evodiumque,

107 1472 239 1532 Prorsus
252 1491 355 1532 amore
369 1492 429 1532 uno
443 1473 555 1534 viscera
568 1485 669 1534 nostra
682 1486 792 1556 tegunt.

67 1566 155 1628 Alter
167 1566 201 1625 in
212 1566 331 1628 alterius
344 1566 419 1626 mibi
432 1565 496 1626 visu
509 1567 587 1628 visus
599 1567 740 1640 babetur,

106 1659 151 1721 Et
162 1660 261 1720 fratris
275 1660 408 1742 speciem
421 1661 519 1722 fratris
533 1662 631 1744 imago
645 1663 735 1722 dedit.

66 1753 171 1816 Unius
185 1774 220 1814 ex
232 1753 307 1816 facie
320 1754 410 1816 facies
423 1755 499 1814 mibi
511 1768 583 1816 nota
596 1755 733 1829 secundi,

106 1847 164 1909 Sic
177 1847 298 1928 speculo
312 1848 442 1910 similem
455 1848 553 1909 forma
567 1869 702 1931 repressa
714 1851 817 1911 refert.

63 1941 151 2026 Ergo
166 1943 233 2023 pari
246 1955 316 2003 voto
330 1943 451 2024 paribus
464 1944 535 2004 dans
549 1957 616 2004 vota
629 1943 745 2019 salutis,

106 2035 229 2095 Ambos
242 2036 320 2096 inter
331 2056 387 2119 ego
402 2037 506 2097 tertius
519 2037 594 2097 alter
606 2058 667 2097 ero.

65 2129 143 2191 Hoc
154 2131 277 2210 cupiens
288 2142 320 2190 ut
328 2151 402 2210 quos
416 2131 491 2192 caris
504 2130 689 2212 amplexibus
701 2132 784 2191 idern

107 2222 191 2286 Tres
200 2242 286 2284 amor
298 2245 373 2285 unus
385 2224 491 2301 habet,
503 2245 560 2286 nos
573 2245 693 2305 quoque
707 2225 807 2286 charta
820 2223 900 2306 liget.
929 2263 933 2270 -

77 2389 140 2442 XX.
159 2387 354 2442 csmsstltto
368 2390 413 2441 ΕΤ
429 2390 521 2441 OMNI
538 2389 671 2441 GRATIA
685 2386 934 2440 PRAEDICANDO

191 2481 363 2520 saorsnunno
381 2481 669 2533 unu1,sonrnnsrus
687 2479 824 2519 suornm.

65 2575 179 2658 leus
190 2609 293 2650 amore
306 2601 357 2649 tuo
371 2589 447 2649 votis
459 2587 641 2648 inhiantibus
654 2599 768 2660 astans,

109 2686 191 2767 Quae
204 2684 276 2758 tibi,
292 2704 375 2757 care,
390 2682 466 2742 salus
478 2703 556 2762 saepe
570 2681 691 2759 requiro
705 2680 793 2742 viros.

63 2783 208 2864 Quisque
220 2780 316 2841 viator
328 2779 410 2838 adest
422 2795 588 2858 properans
602 2773 754 2853 aquilonis
762 2773 800 2850 ab
812 2793 881 2850 axe,
927 2771 930 2778 ⁴

108 2874 259 2956 Quamvis
272 2872 414 2934 festinum
427 2869 615 2933 sollicitando
627 2889 741 2930 moror.

62 2971 130 3034 Seu
143 2970 258 3052 privata
269 2968 385 3043 virum,
398 2987 451 3027 seu
463 2964 584 3047 publica
595 2984 665 3026 eura
679 2961 798 3037 citabit,

108 3064 205 3125 Hunc
214 3063 271 3123 nisi
284 3073 478 3144 percunctor,
492 3057 590 3119 nullus
603 3057 700 3118 abibit
710 3057 775 3116 iter.

6 3219 9 3312 7
63 3159 173 3242 Quam
186 3169 303 3242 vegetus
317 3154 476 3229 membris,
491 3175 556 3232 quae
570 3165 598 3213 te
609 3151 675 3214 loca
688 3149 744 3212 rite
756 3159 911 3225 coercent,

825 3265 862 3300 22
