2230 3838
187 305 872 367 DEvt'tus.ttA1ttttttttBEtt1v.
936 319 974 384 91

73 400 178 464 Irasci
192 396 270 460 nulli
283 396 428 479 cupiens,
444 395 597 478 ignoscere
611 397 743 472 eunctis,

76 496 216 557 Foedera
228 492 296 556 sola
306 490 400 575 ligans
413 489 510 565 celer,
525 503 555 552 et
568 489 676 553 delicta
689 490 850 573 relaxans,

75 590 246 675 Effugiens
259 587 420 666 nequando
434 584 491 646 sibi
505 587 588 646 daret
600 585 675 646 ultio
690 588 854 668 damnum,

74 683 167 747 Rem
180 683 303 767 pietatis
315 702 403 764 agens
418 704 424 742 :
438 679 508 740 satis
520 692 564 740 est
577 680 738 742 clementia
750 683 875 763 vindex,

76 778 166 859 Quae
181 777 234 859 pia
250 777 329 838 dona
342 787 458 835 metens
471 773 537 834 fieri
551 794 614 835 uon
627 775 740 859 indiget
753 777 860 856 ultrix,

78 872 249 935 Omnibus
259 883 344 933 aucta
355 869 463 945 bouis,
483 870 530 931 cui
544 870 599 929 dos
613 882 642 930 et
655 870 751 954 gloria
765 893 822 954 pax
831 887 884 936 est.

74 967 145 1030 Vir
156 981 264 1029 tamen
279 967 343 1048 ipse
357 985 441 1027 sacer
453 964 573 1046 pietatis
586 965 624 1025 ab
637 966 757 1048 agmine
768 968 857 1030 miles

74 1064 219 1127 Foedera
233 1083 357 1144 semper
366 1081 488 1135 autam,
501 1073 530 1122 et
541 1060 625 1141 pacis
638 1061 669 1121 iu
682 1081 766 1123 arma
779 1064 978 1148 triumphans,

78 1157 247 1242 supplicis
259 1159 299 1218 ad
310 1177 415 1218 vocem
428 1155 600 1216 miserantia
612 1156 727 1218 viscera
739 1155 835 1232 laxat,

77 1255 184 1335 lnque
199 1254 270 1315 sinu
283 1251 378 1314 veniae
390 1251 545 1332 trepidum
558 1249 721 1313 mulcendo
737 1252 870 1330 reduxit,

78 1349 186 1430 Atque
201 1368 292 1408 reum
305 1345 392 1407 solita
404 1345 501 1426 patria
514 1345 626 1426 pietate
639 1346 763 1428 recepit.

81 1441 165 1505 Haec
181 1455 235 1503 tua
248 1439 344 1503 dulcis
356 1452 441 1501 erant
451 1438 644 1516 holocausta,
659 1441 809 1518 sacraria,
822 1443 955 1526 templa,

81 1535 146 1599 Hae
158 1537 219 1598 tihi
233 1534 361 1609 divitiae,
375 1534 526 1610 thesauri,
540 1555 649 1618 regna,
665 1534 796 1611 talento,

84 1630 173 1709 Flos,
181 1632 276 1707 odor,
285 1649 362 1704 esca,
371 1649 473 1712 sapor,
480 1651 566 1690 mera
573 1631 724 1708 cinnama,
733 1631 981 1708 balsama,thura:

84 1727 165 1792 Haec
178 1747 267 1790 sacer
280 1725 379 1787 omnis
393 1738 473 1795 erat,
488 1725 551 1788 haee
563 1738 646 1802 tota,
659 1725 723 1788 haec
735 1728 824 1789 unica
838 1749 929 1803 cura,

86 1821 250 1886 Christum
263 1821 355 1884 eorde
367 1819 441 1901 pio,
459 1817 614 1881 Christum
626 1822 801 1883 meditarier
812 1835 898 1898 actu,

86 1917 233 1980 Reddere
247 1914 331 1977 nolle
345 1915 442 1976 vicem
454 1915 593 1991 miseris,
609 1927 639 1976 et
651 1937 775 1998 parcere
790 1917 905 1999 culpae,

89 2011 243 2075 Criminis
257 2011 409 2087 indultor,
424 2010 518 2072 veniae
531 2030 672 2087 memor,
687 2031 738 2073 ara
750 2033 892 2087 reorum,

85 2104 167 2190 Spes
178 2105 421 2182 miserabilium,
433 2106 502 2188 suga
511 2104 681 2184 larvarum,
696 2128 780 2167 arma
788 2119 983 2187 sequentum,

83 2201 199 2264 Praeda
214 2213 420 2274 catervarum,
434 2212 589 2261 errantum
602 2201 669 2278 ria,
684 2221 755 2264 cura
768 2203 961 2279 medentum,

87 2296 251 2358 Omnibus
265 2315 323 2355 una
336 2294 433 2372 salus,
451 2315 538 2356 amor
551 2295 711 2372 omnibus,
725 2319 802 2358 unus
816 2308 941 2357 amator.

87 2391 171 2470 Quis
193 2389 251 2452 tibi
264 2391 352 2474 digna
365 2389 449 2470 loqui
462 2390 574 2467 valeat,
590 2412 680 2470 quem
693 2393 823 2452 mundus
834 2390 986 2455 honorat?

87 2485 198 2568 Quid,
214 2488 267 2569 pie
280 2488 346 2564 vir,
361 2487 431 2558 satis
444 2499 504 2565 est,
518 2486 568 2549 eui
582 2486 677 2548 laudis
692 2485 813 2547 debitor
825 2486 897 2547 orbs
909 2487 975 2548 est?

88 2580 234 2663 Quaeque
251 2583 364 2644 referre
379 2581 483 2645 rolens
495 2603 595 2662 neque
606 2594 686 2642 totus
701 2582 734 2642 id
745 2581 872 2663 explicat
885 2583 966 2646 axis?

86 2676 216 2761 Jugiter
228 2677 368 2758 amplexu
381 2674 537 2739 Christum
551 2677 663 2751 corde,
685 2697 739 2738 ore
753 2689 924 2754 retentans,

88 2767 163 2834 Nec
176 2771 244 2832 siue
258 2785 287 2832 te
300 2772 417 2854 patiens
430 2771 590 2833 dominum-
603 2771 757 2832 discedere
772 2793 944 2854 quoquam,

91 2864 215 2930 Tecum
227 2887 349 2949 semper
359 2867 473 2929 habens
485 2868 621 2928 vinctum
632 2866 744 2948 pietate
759 2865 951 2946 Tonantem,

94 2963 246 3024 Astrietus
259 2962 418 3043 precibus,
438 2982 537 3041 neque
550 2982 584 3022 se
595 2959 729 3022 solvebat
742 2975 878 3041 amator,

96 3054 193 3139 Cujus
206 3057 304 3118 amica
316 3057 390 3120 fides
402 3069 520 3118 tantum
533 3056 591 3118 sihi
605 3055 731 3118 eontulit
744 3057 841 3135 arcis,

97 3147 142 3214 Ut
154 3150 254 3216 solem
267 3153 359 3218 radiis
372 3165 401 3218 et
414 3151 518 3229 lunam
531 3151 666 3216 cursibus
679 3171 796 3231 aeques,
