2222 3852
277 369 512 422 POEMATUM
535 370 653 423 LIBER
676 371 750 425 vlo
888 361 950 424 28!

104 464 222 528 Vestris
235 487 316 529 nunc
328 468 447 550 scriptis
459 468 621 532 laetificatos
635 489 732 553 agens.

64 557 120 622 Me
133 583 252 643 quoque
266 564 482 625 commendans
494 565 602 625 humili
615 586 727 647 prece,
745 585 822 628 voce
832 566 947 648 saluto,

105 655 227 739 Jugiter
238 657 341 720 officio
354 679 444 738 quem
458 680 526 720 mea
539 661 630 721 corda
643 658 755 722 colunt.

64 811 545 869 XV.AD1PSUMEP[SCOPUNI
567 816 659 868 LAUS
677 816 763 870 EJUS
783 816 949 873 GENERIS·

66 923 195 1007 Sunium
208 943 294 1025 poter
305 943 409 1025 patriae
419 942 576 1006 celsnm'et
587 946 725 1029 generale
736 967 899 1026 cacumen*

106 1039 205 1100 Forte
218 1039 323 1113 decus,
338 1037 455 1121 generis
468 1036 682 1103 Turonicensis
692 1061 785 1122 apex,

66 1132 188 1195 Lumen
200 1132 238 1192 ab
251 1131 395 1193 Arvernis
408 1133 532 1194 veniens
544 1135 673 1197 feliciter‘
685 1137 781 1212 arvis,

106 1227 176 1307 Qui
189 1225 337 1286 illustrans
351 1227 480 1309 populos
493 1231 639 1313 spargeris
654 1251 706 1291 ore
720 1231 850 1312 pharusr

67 1321 199 1404 Alpibus
212 1341 247 1380 ex
259 1319 319 1380 illis
327 1341 494 1402 properans
505 1344 591 1386 mens
602 1323 691 1386 altior
704 1325 796 1406 ipsis,

106 1413 171 1474 vir
183 1434 239 1495 per
251 1414 341 1497 plana
353 1417 458 1477 sedens
471 1419 523 1498 qni
537 1419 587 1499 pia
600 1432 694 1480 castra
707 1421 795 1503 regis.

69 1507 140 1572 Neu
154 1521 283 1570 noceant
295 1510 394 1572 hostes
404 1512 456 1592 qui
468 1525 536 1572 sunt
547 1513 579 1572 in
592 1513 671 1575 ovile
685 1514 787 1592 fideli,

109 1601 233 1665 Unicus
246 1603 278 1663 in
290 1606 405 1687 campis
418 1604 539 1687 publica
550 1607 640 1668 turris
653 1608 732 1670 ades.

68 1695 127 1758 Vir
140 1698 210 1759 date
222 1698 308 1760 dulce
322 1712 411 1781 capnt
422 1701 538 1784 regioni
552 1721 619 1763 care
635 1700 787 1787 Gregmi,

108 1790 240 1851 Martini
251 1793 360 1854 retinet
372 1814 464 1872 quem
475 1814 557 1857 secra
570 1795 643 1856 sella
655 1809 782 1878 patrem.

70 1883 126 1947 Me
141 1883 343 1948 Fortunatam
355 1887 502 1950 humilem
515 1891 698 1952 commendo
713 1904 864 1975 patrono,

111 1977 166 2043 Sic
178 1993 229 2041 toa
242 1981 302 2044 vita
313 1982 365 2042 diu
377 1983 435 2045 hoc
448 1983 486 2044 sit
497 1983 530 2043 iu
543 1984 619 2046 orbe
629 1983 709 2047 Deo.

104 2123 187 2176 xvi.
211 2124 265 2176 AD
291 2124 486 2190 EUNDEM,
505 2125 826 2180 COMMENDATIO
850 2125 928 2179 SUL

76 2235 119 2320 Si
131 2276 190 2337 qua
203 2255 279 2316 mihi
291 2257 391 2318 veniet
404 2257 544 2336 quotiens
557 2256 675 2319 occasio
689 2255 804 2334 dulcis,

119 2348 226 2431 Opto,
240 2370 338 2426 sacer,
352 2350 468 2413 calamo
479 2350 595 2414 solvere
607 2364 676 2414 vota
688 2371 768 2411 mco.

76 2443 206 2507 Summe
217 2456 302 2525 pater
314 2445 436 2527 patriae,
449 2458 514 2507 toto
528 2445 709 2507 venerabilis
722 2443 816 2522 orbe,

119 2536 266 2618 Undique
280 2559 347 2601 care
361 2539 454 2616 mihi,
467 2539 594 2623 fulgide,
607 2559 676 2602 care
690 2537 773 2600 Deo.

80 2629 309 2696 Commendans
320 2632 467 2693 humilem
480 2634 536 2695 tibi
549 2654 598 2694 me
613 2652 772 2696 sacerarce
787 2629 936 2716 Gregori‚

120 2724 184 2786 Pro
196 2725 310 2787 famulo
321 2728 451 2810 proprio
462 2748 564 2808 quaeso
577 2749 703 2812 precere
714 2727 829 2790 Deum.

164 2883 265 2938 xv11.
287 2883 343 2937 nl)
364 2884 513 2947 IPSUM,
532 2884 885 2971 SALUTATORIUM..

83 2998 125 3084 Sc
141 3033 255 3084 censent
269 3021 409 3082 homines
422 3021 567 3084 velociter
578 3022 622 3083 ire
636 3032 837 3104 pernoscens,

122 3114 172 3176 Ad
189 3126 218 3176 te
229 3136 297 3178 care
311 3128 397 3197 pater
410 3116 544 3178 carmina
557 3116 646 3176 missa
659 3114 760 3176 velim.

80 3203 969 3296 Nunccamcnestqnoniamgerulnsmihi‚porrigouerbum,

733 3311 734 3318 c
775 3300 826 3375 24·
