2222 3844
173 367 626 425 nuv1Tas.MlRT1N1
652 373 777 428 LIBER
801 377 842 427 11.
899 363 937 424 51

66 464 131 528 Otia
143 465 228 528 nulla
242 477 361 540 terens,
375 476 405 524 et
415 462 497 526 nulla
508 463 630 546 negotia
640 466 748 528 carnis.

63 562 207 644 Quicquid
219 561 367 644 agendum
381 572 476 635 esset,
491 571 590 619 totum
602 558 747 622 velociter
761 562 910 645 implens,

60 653 112 718 Sed
123 676 213 717 mora
226 653 365 716 Christus
378 666 459 730 erat,
477 652 626 714 famulans
642 654 700 715 sibi
713 670 802 719 nocte
814 658 939 741 dieque,

58 749 131 812 Nam
142 751 231 814 cibus
243 761 272 810 et
284 768 427 824 somnus,
441 747 500 809 nisi
514 749 596 827 quod
607 761 713 810 natura
724 765 876 829 necessat,

58 844 164 907 'l'ardus
176 846 269 920 edax,
282 842 389 918 velox,
408 841 533 926 vigilans
544 863 657 925 sopor,
672 864 739 907 esca
751 845 806 906 sub
819 847 897 926 ictu,

54 937 117 1002 Nec
128 940 245 1003 faceret
258 937 316 999 nisi
329 939 411 1018 quod
423 938 488 999 sine
502 937 538 998 iis
552 958 623 1000 caro
636 939 738 1002 vivere
749 943 864 1018 nescit,

55 1032 185 1117 'lempus
197 1045 360 1112 utrumque
375 1031 477 1095 dicans
489 1031 583 1094 causis
596 1037 762 1116 repetendo
776 1038 900 1100 duabus·

54 1125 154 1190 Lectio
167 1149 252 1189 nunc
264 1146 408 1188 resonans
418 1126 493 1203 sibi,
506 1147 587 1189 nunc
601 1129 699 1190 oratio
714 1147 857 1208 currens,

57 1219 143 1305 Cujus
154 1235 221 1284 erat
233 1221 351 1301 requies
364 1234 481 1282 tantum
495 1235 612 1283 mutare
626 1223 755 1286 labores.

55 1313 85 1375 Si
98 1317 171 1378 loris
185 1317 274 1391 isset,
291 1328 354 1377 erat
366 1316 460 1378 bomo
470 1317 579 1398 jugiter
592 1317 717 1380 intimus
730 1339 838 1396 orans,

56 1408 138 1473 Coelo
151 1432 219 1472 non
237 1411 335 1473 carnis
348 1411 400 1472 sed
411 1412 538 1472 tendens
548 1410 665 1472 lumina
678 1412 797 1488 cordis,

53 1503 82 1566 N
86 1527 118 1568 ec
128 1507 219 1568 dolus
232 1504 362 1568 inclusus
376 1504 480 1581 latuit,
494 1527 552 1569 nec
563 1507 602 1568 ab
615 1527 669 1568 ore
683 1505 810 1571 refluxit.

54 1599 109 1662 Vir
117 1601 183 1663 sine
201 1600 380 1678 mundanis,
393 1600 511 1661 domini
524 1601 674 1682 possessio
689 1603 819 1680 munda,

52 1694 178 1762 Nullum
190 1697 306 1783 judicio
320 1699 484 1774 damnans,
500 1695 579 1759 mah
592 1695 676 1759 nulla
686 1719 869 1780 repensans,

55 1793 127 1860 llaec
138 1817 193 1858 sua
210 1795 287 1855 lorte
302 1793 359 1854 fuit
372 1793 397 1854 si
410 1794 488 1856 facta
502 1793 612 1877 injuria
624 1793 709 1855 fratri
723 1807 786 1857 est:

53 1889 230 1952 Aminimis
242 1889 313 1950 laeso
326 1909 545 1968 nonnunquam
559 1901 624 1949 erat
638 1888 712 1950 ultio
727 1889 839 1965 dulcis,

56 1983 159 2066 Deque
171 1986 268 2069 gradu
280 1984 410 2066 proprio
422 2004 522 2063 neque
534 1982 670 2064 reppulit
683 1983 866 2060 officialem,

59 2077 149 2142 Carus
159 2094 192 2142 et
204 2079 353 2155 adversis,
367 2079 436 2160 pius
447 2077 560 2157 aequis,
574 2077 702 2138 blandus
715 2079 846 2159 iniquis,

57 2173 118 2252 Ira,
131 2189 254 2250 tumor,
269 2173 363 2250 risus,
376 2193 492 2234 moeror
502 2172 583 2234 stetit
597 2171 664 2234 exul
675 2173 712 2235 ab
727 2173 801 2248 illo,

57 2267 126 2331 Non
140 2273 173 2330 in
192 2269 292 2330 fronte
305 2281 412 2329 tenens
423 2267 537 2329 nubem
551 2312 561 2344 ,
575 2289 634 2331 nec
645 2267 679 2328 in
690 2288 744 2329 ore
757 2267 947 2330 cachinnum.

57 2361 138 2426 ldern
148 2385 273 2446 semper
284 2375 349 2425 erat
361 2362 457 2438 facie,
470 2374 557 2438 cute,
573 2363 686 2441 corde,
707 2360 820 2426 colore.
872 2380 874 2386 ’

58 2454 121 2521 Nec
131 2458 268 2521 variabat
282 2479 359 2541 opus
369 2457 416 2520 vir
428 2458 525 2519 adbuc
538 2456 569 2516 in
584 2475 715 2538 corpore
728 2469 884 2534 constans,

59 2550 233 2616 Immortale
244 2553 359 2633 aliquid
371 2552 493 2615 mortali
506 2553 544 2613 ab
559 2551 689 2636 imagine
702 2571 868 2635 promens,

61 2643 122 2708 Ora
133 2647 238 2725 Deus,
253 2669 373 2710 sensum
386 2647 501 2729 pietas,
515 2666 573 2728 pax
587 2647 678 2707 corda
690 2646 829 2723 tenebat,

59 2737 117 2802 Pro
128 2765 161 2805 se
175 2763 268 2825 parra
279 2763 387 2826 gerens
398 2742 498 2804 aliena
511 2741 650 2803 misertus
663 2743 788 2826 agebat,

59 2832 181 2898 Natnrae
193 2850 225 2898 ut
238 2838 349 2900 seriem
359 2851 546 2920 postponens
554 2835 675 2920 angelus
688 2850 781 2913 esset,

61 2928 127 2992 rllta
137 2933 384 3016 supergrediens,
397 2945 500 2994 mente
511 2931 590 2993 ultra
601 2931 707 2994 nubila
717 2931 862 3008 tendens,

62 3020 153 3088 Liber
165 3027 203 3088 ab
215 3024 354 3092 humanis
367 3027 497 3089 intrabat
509 3027 609 3088 sidera
621 3027 719 3104 euris,
796 3040 798 3044 '

61 3118 170 3204 Inclyta
181 3121 264 3204 signa
276 3143 400 3206 gerens,
425 3135 455 3184 et
465 3121 560 3184 multa
570 3122 669 3184 futura
681 3121 886 3206 prophetans,

65 3207 163 3278 Stabat
175 3217 272 3282 adhuc
281 3218 388 3299 terris,
402 3217 571 3284 coelestibus
583 3218 708 3282 intimus
717 3218 832 3294 haeres,
