2218 3862
145 256 208 344 296
392 271 424 325 v.
451 273 487 326 u.
510 271 769 330 uonruuarr

186 363 229 426 Et
242 363 317 424 mihi
330 364 508 446 proficient,
522 364 549 426 si
559 365 616 427 tibi
627 382 695 428 care
709 365 838 447 placent.

145 459 222 524 Hoc
231 461 356 520 mandas
368 459 459 520 etiam
473 479 534 539 qno
547 459 690 541 sapphica
704 471 799 519 metra
812 457 985 535 remittam,

184 553 237 614 Da
248 553 386 627 veniam,
401 553 515 614 modici
528 554 601 612 dum
612 572 694 634 seges
706 557 789 634 urget
800 551 873 634 agri.

144 645 231 710 Dum
243 658 345 722 meto,
357 647 396 705 da
405 646 555 726 spatium,
565 645 621 705 tibi
632 664 702 704 mox
713 664 820 724 parere
834 646 968 728 parabo,

188 737 224 800 Si
236 753 350 801 saurer
362 739 477 813 fructu,
488 738 551 798 fors
562 738 693 799 meliora·
701 757 787 800 cano.

145 832 287 896 Pondere
300 831 441 909 rivales,
455 849 525 894 cnm
538 844 636 893 metro
647 831 736 894 mitto
748 831 910 910 libellum,

188 926 268 1007 Qua
281 943 354 1006 cape
366 938 400 986 tu
412 937 487 987 roto
496 945 557 1005 quo
569 925 626 987 tibi
638 926 717 989 dicat
728 945 824 988 amor.

148 1083 215 1136 vn.
229 1081 283 1132 ΑΙ)
300 1077 480 1132 EUNDEM
501 1079 740 1134 EPISGOPUM
761 1081 1031 1150 Gnucontunt,

192 1175 340 1216 nnrnnu
358 1172 451 1224 onon
467 1172 674 1214 nounrcrrus
690 1174 751 1213 asu
771 1173 989 1217 senonicum.

232 1287 358 1371 Conon
368 1307 499 1388 jocundo
510 1349 520 1382 ‚
533 1304 650 1368 calamo
663 1321 812 1385 venusto,

229 1399 360 1462 Litteras
373 1399 466 1460 mittis
480 1399 620 1480 cupiente
631 1413 720 1477 voto,

231 1493 351 1558 Blanda
364 1493 556 1556 conscribens
568 1493 682 1555 lamina
693 1493 815 1572 salutis,

357 1585 438 1649 Care
449 1585 591 1668 Gregori.

231 1679 360 1763 Exigeus
373 1701 471 1761 nuper
482 1699 561 1742 nova
573 1701 623 1742 me
636 1699 762 1744 movere

232 1771 351 1849 llletra,
365 1795 430 1852 quae
445 1769 570 1856 Sappho
584 1775 693 1838 cecinit
704 1777 871 1854 decenter-r

229 1865 296 1930 Die
307 1867 447 1928 Dioneos
460 1887 634 1930 memorans
646 1889 781 1946 amores,

357 1959 457 2022 Docta
470 1961 583 2042 puella.

234 2052 383 2116 Pindarus
395 2052 524 2130 Graius,
538 2076 625 2116 meus
636 2055 709 2117 inde
719 2052 843 2120 Flaccus

236 2147 389 2231 Sapphico
403 2161 502 2209 metro
515 2149 690 2211 modulante
701 2149 834 2231 plectro,

233 2242 373 2306 Molliter
384 2263 515 2325 pangens
526 2243 685 2326 cytharista
698 2243 809 2306 blando

361 2335 505 2399 Carmine
518 2336 597 2398 lusit.

234 2428 301 2493 Cur
313 2431 387 2492 mihi
401 2431 528 2514 injungis
539 2430 647 2514 lyricas
659 2431 815 2492 melodas?

232 2522 320 2588 Voce
332 2526 383 2604 qui
395 2545 483 2588 rauca
495 2526 590 2586 modo
601 2527 650 2588 vix
661 2545 803 2602 susurro,

232 2616 347 2699 Eloqui
360 2619 459 2682 cordis
468 2638 536 2680 mea
547 2620 653 2680 dextra
661 2619 776 2696 nescis,

359 2712 476 2776 Pollice
489 2712 579 2775 dulci.
598 2715 601 2720 “

235 2803 301 2884 Qui
311 2805 359 2868 vel
371 2807 434 2869 haec
444 2807 522 2868 olim
533 2805 610 2867 milri
621 2805 646 2867 si
659 2805 798 2882 inissent,

234 2899 318 2964 Nota
330 2902 512 2983 prudentum
524 2899 615 2962 docili
629 2919 775 2975 mmaena,

235 2993 297 3059 Per
308 3007 353 3058 tot
366 2994 477 3056 oblitus
490 2994 606 3054 sueram
617 2993 782 3077 benignam

358 3087 513 3172 Tempora
527 3107 653 3150 musam.
