2222 3844
171 360 230 412 DE
255 359 351 413 VITA
376 359 405 412 S.
423 357 606 413 MARTINI
629 359 757 413 LIBER
780 359 836 418 lll.
919 346 958 432 57

75 452 167 536 Atque
179 453 300 516 medela
314 475 394 537 aegro
409 455 475 514 data
488 456 604 515 nuntiat
618 455 661 516 ire
675 456 808 517 beatum.

74 546 250 632 significans
264 550 356 610 etiam
371 569 475 610 cursor
487 549 638 612 medicina
651 563 827 630 sequentem

69 640 150 703 Dum
166 646 248 725 pede
264 645 362 704 tardat
378 643 487 720 heros,
500 645 652 726 praecessit
663 664 734 707 cura
747 645 866 723 volatu,

68 735 284 820 Adventusque
297 738 341 820 pii
354 739 412 798 sert
423 758 494 799 aura
506 737 635 800 salubris
646 739 790 815 odorem,

69 830 110 892 Ut
122 833 186 895 cito
203 847 395 909 succurrant,
408 847 557 918 unguenta
569 855 625 916 per
636 854 707 895 aera
718 833 851 911 fumant,

67 924 119 988 Sol
130 927 228 988 veluti
241 929 331 990 radiis
342 930 392 989 dat
404 929 522 1013 longius
535 950 589 991 ore
602 929 733 1006 calores,

67 1017 115 1083 Sic
126 1019 285 1084 Martinus
296 1044 404 1105 opem,
418 1036 448 1084 et
461 1043 520 1103 quo
535 1045 597 1084 non
612 1037 672 1100 est,
689 1023 808 1085 exhibet
820 1035 895 1085 arte.

63 1114 257 1178 Admiranda
269 1117 360 1179 nimis
373 1139 421 1179 res
437 1131 498 1193 est,
514 1118 568 1179 ubi
581 1132 666 1200 peste
676 1118 790 1202 iugata,

64 1208 161 1273 Antea
178 1233 273 1293 quam
285 1212 420 1274 medicus
434 1213 554 1294 pulsum
569 1226 667 1288 tenet,
684 1213 766 1273 exilit
775 1232 853 1296 aeger

66 1299 185 1368 Obvius
202 1328 365 1369 occurrens
377 1319 498 1380 sancto,
515 1308 755 1387 obsequiumque
770 1306 918 1388 rependit.

63 1394 156 1461 Duxit
168 1414 199 1461 et
214 1401 281 1482 ipse
295 1402 439 1478 domurn,
455 1402 550 1481 quise
565 1402 624 1463 sibi
638 1401 705 1463 luce
718 1401 851 1476 reduxit,

62 1491 154 1557 Nunc
169 1495 273 1556 alacer
289 1495 364 1556 saltn
378 1495 525 1557 recubans
539 1497 631 1578 paulo
646 1507 715 1556 ante
730 1494 864 1580 grabato.

63 1587 177 1652 interea
189 1590 279 1651 miris
293 1588 438 1651 Evantins
455 1591 570 1653 actibus
582 1611 689 1673 expers

66 1679 227 1768 Supplicat
238 1684 399 1747 incolumis
410 1679 516 1746 domui
530 1698 562 1746 ut
575 1705 663 1748 mora
676 1685 804 1748 crastina
816 1685 934 1764 tardet,

65 1776 206 1862 Hospitis
221 1792 250 1841 et
260 1780 333 1840 tanti
347 1792 428 1843 tenet
441 1799 501 1842 una
514 1781 630 1844 diecula
642 1781 776 1843 vultume

67 1870 123 1935 Sed
135 1894 230 1937 mora
242 1886 306 1936 turn
317 1874 373 1936 luit
385 1874 449 1938 haec
461 1877 579 1940 occasio
594 1878 691 1938 danda
704 1874 816 1940 salutis.

66 1965 136 2033 llieo
150 1971 321 2053 percutitur
332 1992 410 2055 puer
420 1985 485 2033 atro
497 1973 587 2033 dente
601 1971 754 2057 chelydri,

66 2059 267 2145 Membraque
280 2066 414 2147 percussi
432 2067 614 2128 distenderat
625 2067 670 2127 ira
680 2063 809 2143 veneni,

66 2155 144 2220 Cum
155 2160 287 2243 spatium
298 2160 366 2221 vitae
377 2180 461 2222 mors
473 2162 648 2244 importuna
659 2171 783 2245 negaret

65 2248 197 2330 Flebile,
212 2269 241 2316 et
253 2254 284 2315 in
296 2267 360 2316 toto
374 2270 510 2339 regnaret
526 2276 656 2338 corpore
668 2256 759 2317 virus.

65 2343 211 2430 Exposuit
222 2370 353 2431 puerum
366 2363 434 2411 ante
447 2352 541 2432 pedes
554 2349 701 2413 Erantius
714 2346 806 2423 almi,

68 2437 182 2504 Omnia
196 2444 324 2506 confisus
338 2443 507 2506 llIartinum
521 2465 610 2526 posse
625 2442 755 2513 mereri3
777 2465 783 2480 ·

69 2529 191 2600 Sanctus
205 2538 287 2600 enim
298 2552 378 2601 tactu
390 2560 462 2600 mox
474 2539 589 2623 singula
601 2537 741 2599 membra
755 2549 892 2618 pererret
900 2571 918 2608 -,.

68 2628 164 2711 Atque
177 2653 270 2693 manu
280 2633 399 2696 medica
410 2634 574 2695 morientia
587 2633 701 2696 viscera
716 2631 838 2715 palpat,

67 2722 140 2787 lnde
153 2747 245 2808 super
257 2727 381 2805 vulnus,
397 2747 456 2807 qua
467 2728 563 2788 bestia
575 2727 678 2787 fixerat
691 2727 802 2803 ictum,

70 2814 113 2878 Ut
124 2822 226 2903 posuit
239 2822 382 2907 digitum,
396 2821 463 2884 lluit
476 2823 607 2904 undique
621 2841 698 2884 vena
710 2819 841 2896 veneni,

69 2907 107 2972 Et
118 2915 273 2996 repedavit
285 2917 357 2992 iter,
372 2917 495 2977 dederat
507 2937 567 2996 qua
580 2917 684 2998 vipera
698 2917 787 2977 virus.

72 3003 152 3071 Hinc
163 3029 247 3072 sacer
259 3011 421 3092 inspiciens
434 3010 562 3073 collecta
573 3011 642 3073 tabe
655 3024 830 3086 tumorem,

71 3095 183 3164 Pollice
196 3103 340 3167 subducto
350 3115 467 3188 ,qnam
481 3105 598 3166 suderat
610 3105 710 3167 ulcere
724 3124 850 3187 serpens

73 3189 185 3260 Cuncta
199 3199 306 3261 veneni
319 3200 363 3262 vis
376 3220 431 3284 per
444 3199 560 3262 hiatum
573 3199 704 3264 vulneris
718 3199 796 3274 exit,
