2230 3838
126 309 185 353 110
386 305 419 361 V.
439 307 475 360 ll.
499 307 746 363 ttottt'tttttrt

118 397 244 459 Rhenus
256 389 294 458 ab
307 394 386 478 Alpe
402 416 505 460 means
516 420 615 480 neque
626 400 716 461 tantis
729 411 849 481 spumat
861 397 1033 481 habenis,

161 490 288 552 Fortior
303 491 487 570 Hadriacas,
499 515 556 556 nec
571 494 670 556 Padus
683 495 775 556 intrat
788 515 889 575 aquas.

120 585 281 648 Danubius
293 607 350 669 par
362 599 423 665 est,
438 589 508 670 quia
521 589 638 673 longius
652 589 746 673 egerit
757 590 873 652 undas:

163 681 240 745 Haec
253 701 307 766 ego
318 684 506 760 transcendi,
519 685 622 768 judico
636 697 708 745 nota
721 683 808 746 mihi.

122 777 362 857 Muneribusque
373 778 432 860 piis
445 779 553 839 dotasti
566 779 671 841 altaria
687 776 819 856 Christi,

167 875 250 938 Cum
263 889 313 937 tua
325 895 394 938 rasa
406 874 507 936 lerunt
514 875 628 938 viscera
639 887 741 938 sancta
752 874 826 936 Dei.

122 971 218 1038 Nune
231 991 321 1034 cruor
333 982 362 1031 et
377 989 486 1051 corpus
495 970 613 1030 domini
626 969 772 1033 libamina
785 970 919 1048 summi,

165 1067 237 1129 Rite
251 1065 454 1127 ministerium
466 1077 496 1124 te
509 1064 661 1126 tribuente
674 1065 766 1127 v'enit.

123 1161 156 1228 Ο
171 1163 259 1239 lelix,
272 1162 354 1242 cujus
367 1158 440 1219 ditat
453 1159 504 1240 pia
516 1159 633 1240 templa
645 1158 787 1235 facultas,

166 1257 228 1324 Cui
241 1277 289 1318 res
300 1254 356 1317 ista
367 1253 460 1338 magis
472 1273 536 1316 non
549 1254 684 1335 peritura
696 1254 814 1316 manet!

121 1354 199 1420 Non
211 1372 311 1433 aerugo
322 1363 399 1411 teret
396 1348 548 1438 mordaci
562 1349 650 1410 dente
664 1347 827 1424 talentum,

164 1447 235 1511 Nec
247 1441 427 1520 contralsaec
441 1443 520 1507 fures
530 1463 616 1504 arma
628 1441 733 1504 dolosa
745 1455 883 1505 movent:

123 1544 165 1608 Et
176 1545 244 1605 data
256 1562 305 1602 res
317 1521 408 1616 deit,
421 1538 493 1602 lacit
505 1552 535 1601 ct
547 1539 625 1604 bene
639 1537 740 1600 virere
755 1538 896 1614 dantem,

167 1636 248 1702 Cum
261 1658 294 1697 m
316 1635 391 1696 ritur
403 1634 507 1710 terris,
522 1634 641 1697 ducitur
653 1632 724 1698 inde
737 1632 828 1715 polis.

125 1733 202 1797 llaec
212 1750 283 1813 poss
302 1749 366 1790 ssor
379 1728 471 1790 babet
483 1727 626 1810 quicquid
639 1727 838 1790 transmiserit
850 1739 921 1790 ante
936 1772 948 1807 ,

167 1824 283 1889 Solate
306 1837 336 1886 et
346 1844 447 1887 secum
461 1845 527 1904 quae
540 1823 624 1906 prins
638 1823 682 1884 ire
696 1823 776 1885 lacit.

125 1923 204 1990 Haec
216 1921 272 1990 tibi
285 1918 401 2003 templa
413 1919 542 1997 dabunt,
558 1933 588 1981 et
601 1938 670 1980 vasa
683 1930 816 1995 sacrata,
828 1919 976 1982 sacerdos
990 1943 1003 1996 ς

166 2017 209 2080 Et
220 2016 363 2096 quicqu-id
377 2015 528 2097 reliquum
541 2036 598 2078 nec
611 2034 772 2076 numerare
785 2035 874 2096 queo.

100 2139 111 2162 ·
126 2111 272 2177 Ecclesiae
284 2109 426 2178 columen
438 2131 496 2192 per
507 2123 647 2193 tempora
658 2109 746 2194 longa
758 2110 927 2195 gubernes,

166 2206 210 2269 Et
220 2206 362 2269 mercede
373 2205 427 2287 pia
440 2205 553 2268 smctus
566 2205 677 2284 ubique
691 2204 795 2268 mices.

127 2302 232 2388 Cogor
241 2321 349 2369 amore
360 2299 452 2360 etiam
466 2297 631 2361 Placidinae
644 2319 740 2382 panca
752 2298 883 2360 referre:

171 2396 250 2479 Quae
262 2395 320 2457 tibi
330 2408 403 2456 tunc
416 2396 541 2477 conjux,
556 2406 599 2454 est
614 2395 709 2455 modo
721 2413 790 2458 cara
802 2415 902 2459 soror.

127 2492 247 2570 Lumen
261 2492 298 2552 ab
313 2489 445 2553 Arcadio
458 2489 582 2551 veniens
593 2488 729 2572 genitore
743 2488 889 2573 refulget,

171 2585 247 2667 Quo
260 2597 364 2646 manet
376 2595 685 2668 augustumfgermen,
699 2581 806 2661 Avitc,
821 2595 917 2646 tuum.

129 2679 259 2762 lmperii
273 2679 364 2746 fastus
375 2691 441 2739 toto
455 2678 507 2758 qui
519 2677 595 2742 rexit
608 2677 641 2740 in
655 2678 749 2754 orbe,

174 2771 271 2856 Cujus
282 2772 378 2835 adbuc
390 2770 510 2854 pollens
523 2773 588 2854 jura
600 2783 719 2834 senatus
728 2771 828 2833 habet.

130 2857 272 2939 Humani
280 2868 399 2953 generis
409 2868 435 2929 si
448 2866 581 2929 culmina
593 2867 696 2949 prima
706 2865 860 2946 requiras,

177 2963 303 3028 Semine
317 2983 446 3028 caesareo
456 2962 501 3028 nil
512 2983 667 3046 superesse
678 2973 785 3044 potest.

130 3061 197 3128 Sed
210 3080 302 3142 genus
315 3059 381 3141 ipsa
392 3079 480 3120 sunm
492 3079 594 3120 sensus
606 3057 816 3119 moderamine
827 3055 918 3135 vicit,

176 3153 274 3246 Cujus
286 3154 324 3220 ab
338 3153 461 3236 eloquin
475 3152 574 3218 dulcia
586 3151 679 3218 mella
691 3149 797 3218 fluunt.
