2222 3844
177 317 220 393 tt
430 331 463 383 v.
489 329 522 380 n.
548 323 802 382 uounuua'rr

176 423 224 484 Ut
237 423 402 486 sociaretur
414 415 538 502 reliquis
552 422 729 484 communio
743 423 832 504 justi:

177 517 239 579 His
249 516 450 579 Theonistum
463 516 575 577 etenim
588 514 687 577 solum
700 517 827 578 discesse
842 520 989 598 querelis,

177 611 238 676 Cui
249 622 313 674 non'
325 611 508 693 complacuit
519 610 696 672 communio
709 611 798 670 noxia
809 611 947 674 fratrum.

174 707 261 770 Hinc
272 707 414 786 quianon
425 704 518 766 valuit
531 703 611 766 llecti
622 705 812 772 vehementia
826 707 938 784 sancti,

172 800 298 882 Abripit
311 822 345 861 ex
356 798 450 862 oculis
463 820 494 859 se
507 799 654 878 principis
665 796 724 858 alta
738 812 876 880 potestas.

173 888 250 956 Mon
263 915 454 975 percussores
466 892 566 977 gladio
579 892 739 953 minitante
753 893 884 969 relaxat,

174 987 241 1069 Qui
253 987 346 1049 semel
358 988 490 1048 ollensos
503 985 602 1069 jaculo
616 986 723 1068 figente
737 987 898 1048 trucident.

174 1081 338 1166 Comperit
349 1095 381 1143 ut
393 1094 510 1143 sanctus
525 1093 662 1141 reseratae
675 1080 788 1140 fraudis
801 1081 967 1160 amictum,

172 1173 331 1240 Pollicitus
343 1177 405 1260 regi
420 1197 450 1237 se
465 1174 647 1256 participare
661 1174 827 1249 ministris,

172 1271 214 1334 Et
227 1275 338 1354 pietate
351 1271 451 1334 calens
465 1269 591 1350 deponit
602 1288 706 1328 amore
718 1269 870 1352 rigorem,

171 1364 264 1428 Mens
278 1388 329 1427 rea
341 1368 423 1449 cujus
437 1366 539 1438 abest,
554 1383 610 1444 par
624 1359 657 1422 fit
669 1364 846 1424 communio
860 1364 975 1446 culpae;

173 1459 259 1523 Hinc
271 1483 302 1522 sc
316 1459 490 1543 proripiens
503 1477 635 1538 propere
652 1455 803 1518 Martinus
817 1458 923 1541 abegit.

171 1552 297 1616 AEstuat
309 1555 425 1614 interea
437 1552 575 1635 gradiens
587 1551 702 1634 gravis,
717 1551 837 1627 anxius,
853 1573 981 1636 angens,

172 1645 247 1728 Quo
260 1646 309 1709 vel
319 1647 357 1706 ad
369 1644 475 1706 horale
488 1643 618 1726 spatium
634 1645 786 1706 consensit
798 1646 917 1726 iniquis.

171 1741 247 1804 Inde
259 1742 317 1802 iter
329 1760 486 1800 emensum
501 1760 558 1821 per
570 1751 651 1800 vasta
664 1738 783 1799 silentia
795 1740 926 1816 ducens,

172 1834 344 1919 Progressis
356 1833 465 1909 sociis,
481 1833 524 1893 ibi
538 1853 572 1894 se
583 1832 784 1893 Andethanna
797 1835 994 1915 propinquat

172 1928 255 1992 Ecce
270 1929 335 1990 viro
350 1927 458 2010 insigni
472 1947 556 2012 sacer
570 1926 676 1987 obrius
689 1927 810 2011 angelus
823 1930 936 2006 adstat,
959 2005 962 2009 ῃ

172 2021 318 2085 l’raesenti
329 2020 463 2100 alloquio
478 2020 630 2083 consessus
642 2020 764 2101 publice
778 2021 893 2101 vultus,

172 2116 275 2198 Atque
289 2114 420 2177 revelata
433 2115 524 2190 facie,
538 2116 581 2177 sic
593 2114 730 2177 cominus
742 2115 818 2175 infit.

173 2209 278 2292 Quam
287 2211 417 2286 merito,
434 2209 588 2284 lllartine,
602 2207 671 2270 loco
684 2209 896 2293 compungeris
908 2209 987 2289 isto,

171 2301 242 2367 Nec
258 2325 404 2387 properas
416 2303 496 2364 exire
509 2301 597 2363 aliter
609 2301 667 2362 nisi
680 2305 757 2384 jussa
767 2302 906 2379 lacessis,

170 2397 255 2462 luter
267 2411 428 2479 utrumque
441 2397 525 2458 nefas
537 2408 687 2457 mercatus
699 2396 807 2458 accrha
819 2395 946 2459 doloris!

169 2490 263 2554 Nunc
274 2512 326 2575 age
340 2504 526 2566 constanter,
540 2509 649 2573 repara
662 2490 778 2552 virtutis
789 2491 961 2570 honorem,

169 2582 212 2646 Et
223 2585 280 2644 tihi
293 2598 322 2644 te
337 2605 444 2647 revoca
457 2585 609 2667 trepidum
623 2605 662 2645 ne
676 2584 764 2644 noxia
775 2585 932 2669 frangant,

171 2676 281 2740 Gloria
292 2693 330 2737 ne
344 2690 467 2759 pereat,
480 2700 540 2739 neu
553 2698 700 2760 prospera
709 2678 825 2743 lubrica
837 2682 974 2762 perdant.

170 2770 269 2834 Utere
283 2793 369 2834 more
382 2786 454 2854 tuo,
467 2787 497 2836 te
511 2776 620 2836 deinde
634 2775 748 2837 redisce
762 2776 919 2858 magister,

170 2865 273 2926 Fortis
286 2865 402 2927 athletae
414 2868 532 2928 animos
545 2889 628 2929 casus
639 2889 701 2929 non
715 2869 817 2931 obruit
827 2891 912 2932 unus.

168 2957 279 3022 Acrius
290 2959 457 3039 insequitur
469 2961 588 3022 hostem
601 2983 706 3024 manus
717 2963 776 3025 icta
787 2963 912 3040 dolore,

171 3052 321 3138 Plagaque
335 3055 390 3115 lixa
402 3055 479 3117 solet
491 3068 607 3117 mentes
621 3077 739 3118 armare
750 3057 872 3133 viriles,

169 3147 270 3230 Atque
282 3150 399 3233 pudore
412 3170 517 3213 recens
529 3151 635 3214 crescit
646 3151 713 3213 diro
726 3150 828 3214 ulcere
841 3153 950 3229 virtus,
