2222 3844
311 391 365 441 DE
392 391 524 444 PARTU
553 392 754 447 VIRGINIS.

132 482 170 543 ln
185 500 273 546 cruce
286 481 477 562 pendendus,
492 482 629 545 membra
644 504 750 545 cruore
763 484 873 548 lavans.

91 573 184 637 Unde
198 576 257 636 sibi
271 575 359 636 mista
372 587 415 634 est
428 573 503 634 stola
516 577 658 652 candida,
671 578 763 639 tincta
775 581 904 657 rubore,

133 669 239 749 Quem
253 682 340 750 post,
360 681 464 731 anteve
478 690 589 748 quem,
604 691 666 731 non
680 669 765 733 Deus
779 673 855 738 ullus
869 677 944 750 erit;

92 761 187 846 Cujus
199 764 382 826 transcendit
393 784 475 826 sacra
489 765 708 848 magnificentia
722 766 828 844 coelos,

132 859 251 921 Cuncta
261 872 363 942 tegens
377 858 478 941 palma
491 860 607 934 sidera,
625 880 712 936 rura,
727 861 811 922 freta.

89 954 170 1036 Quis
183 968 213 1014 te
223 967 294 1015 tunc
306 974 427 1029 sensus,
442 953 559 1013 domini
573 953 624 1033 pia
638 967 753 1030 mater⁷
766 955 912 1034 habebat,

132 1047 215 1110 Cum
228 1048 284 1109 tibi
297 1048 364 1108 talis
378 1061 441 1108 erat
455 1049 540 1107 soetus
552 1048 669 1110 honore
682 1051 797 1110 noros?

7 1135 8 1140 ¹
86 1141 220 1204 Praemia
231 1155 341 1223 quanta
354 1155 473 1202 uterum
488 1141 660 1223 implebant
669 1156 699 1203 et
710 1145 816 1226 gaudia
827 1159 949 1225 pectus,

131 1235 290 1299 Coelorum
303 1237 449 1298 artificem
464 1257 532 1298 cum
546 1249 596 1297 tua
610 1237 701 1296 ferret
711 1238 839 1300 humus?

88 1331 120 1392 Ο
135 1331 235 1392 forma
248 1331 382 1405 radians,
397 1332 446 1392 dic
460 1332 563 1413 virgo,
582 1343 707 1410 putasne
722 1332 843 1393 videbas

128 1426 289 1509 Angelicos
303 1445 402 1486 cursus
416 1425 460 1486 ire
474 1426 574 1485 redire
587 1427 702 1485 novos?

86 1518 235 1580 Militiam
249 1518 316 1580 ooeli
330 1539 399 1578 cum
414 1530 442 1578 te
456 1538 576 1579 servare
589 1517 722 1578 vicissim

130 1611 265 1674 Sentires
278 1613 400 1686 animo,
415 1633 493 1693 saepe
508 1611 602 1673 lerata
615 1632 716 1671 manu.

87 1706 168 1786 Quae
181 1707 261 1769 circa
272 1719 302 1766 te
316 1705 411 1782 acies,
425 1705 474 1767 vel
487 1707 606 1784 quando
620 1705 677 1765 iter
691 1706 735 1766 ire
749 1727 886 1787 parares,

128 1801 230 1861 Millia
245 1820 423 1882 praegressus
436 1800 669 1862 concomitando
683 1803 769 1862 tuos?

86 1892 175 1975 Quid
189 1893 322 1956 Michael
335 1893 446 1954 faceret
458 1895 584 1968 ductor,
600 1895 654 1953 sub
669 1894 808 1975 principe
822 1895 921 1971 celso,

129 1989 214 2070 Quid
227 2000 342 2071 gereret
356 1987 484 2048 Gabriel
497 1987 624 2049 nuncius
636 1987 686 2047 ille
700 1989 802 2049 sacer?

86 2083 230 2163 Qualiter
245 2097 294 2143 aut
307 2081 445 2163 Raphael
457 2102 615 2144 occursum
629 2082 819 2163 impenderet
832 2082 938 2158 almae,

127 2175 173 2237 Te
188 2189 343 2259 portante,
359 2176 420 2236 Dei
433 2178 505 2236 dum
519 2188 602 2258 putat
614 2197 676 2236 csse
689 2177 832 2237 thronum
844 2200 852 2247 3

9 2335 11 2350 ‚
88 2270 193 2333 Credo
206 2270 281 2332 alter
294 2283 417 2351 cuperet
430 2271 539 2351 plantis
553 2271 741 2330 substernere
755 2270 887 2351 palmas,

128 2363 186 2426 llle
200 2385 317 2427 excussa
331 2364 377 2423 ala
391 2363 519 2425 solveret
532 2365 596 2445 ipse
609 2364 705 2432 viam;

86 2458 225 2521 Duceret
239 2460 293 2520 iste
307 2479 409 2534 auras,
425 2479 463 2520 nc
476 2471 505 2519 te
518 2458 615 2541 gravis
629 2469 728 2517 ureret
741 2469 845 2533 aestus,

126 2553 184 2613 llle
198 2553 298 2614 levans
311 2554 436 2634 pinnas,
452 2565 547 2613 vertat
559 2565 591 2611 ut
605 2551 704 2612 imber
717 2571 821 2632 aquas;

84 2648 145 2709 Iste
159 2647 197 2706 ad
211 2647 295 2707 frena
306 2667 430 2706 manum
445 2646 597 2721 retinens,
613 2667 652 2705 ne
665 2647 780 2709 sarcina
794 2645 904 2726 lapset,

126 2741 200 2802 Neu
214 2762 268 2821 pes
281 2741 432 2815 offendat,
447 2739 579 2820 pendula
592 2740 678 2801 turba
691 2739 771 2802 volat
784 2763 791 2798 :

87 2836 175 2916 Quot
189 2835 292 2918 vigiles
301 2848 426 2908 turmae,
441 2854 510 2896 curn
525 2846 554 2894 te
566 2825 661 2914 sopor
671 2835 746 2894 altus
758 2833 901 2908 haberet,

127 2927 260 3008 Solaque
274 2929 438 2989 dormitans
451 2939 496 2987 tot
509 2927 631 3010 vigilare
645 2929 753 2988 dares?

87 3021 215 3085 Sidereo
228 3022 371 3103 obsequio
386 3021 501 3082 meritis
515 3021 688 3104 dignissima
700 3022 803 3106 virgo,

129 3115 210 3179 Cum
226 3129 254 3176 te
269 3116 376 3177 divinis
389 3117 520 3198 cingeret
534 3114 581 3174 ala
594 3116 702 3176 choris.

89 3209 183 3294 Cujus
193 3211 310 3273 honore
323 3231 407 3274 sacro
422 3208 467 3272 sol
480 3209 544 3291 ipse
558 3210 742 3273 tremisceret
756 3220 878 3280 ortum,

953 409 970 470 7
