2222 3844
110 283 515 375 VENANTIUS
558 281 930 370 HONORIUS
1013 337 1014 342 κ

270 574 788 701 FORTUNATUS

503 865 544 902 DE

282 1051 465 1124 PARTU
506 1051 763 1126 VIRGINIS.

77 1310 214 1393 [lnam
228 1329 446 1410 prophetarum
462 1329 571 1390 cecinit
585 1329 621 1388 de
634 1327 750 1410 virgine
763 1340 901 1410 parturn,

116 1422 242 1484 Nunoia
255 1423 313 1482 fert
324 1424 413 1482 terris
428 1422 549 1505 angelus
563 1422 618 1481 ista
629 1420 694 1502 poli
708 1444 715 1481 ε

76 1515 224 1578 Consona
235 1537 292 1577 vox
307 1516 466 1576 hominum
480 1528 629 1576 memorat
642 1515 700 1576 hoo
715 1515 795 1577 ferre
812 1518 964 1600 puellam,

119 1610 216 1690 Quod
228 1611 312 1670 daret
324 1609 435 1689 absque
449 1609 507 1670 viri
519 1610 655 1692 germine
672 1610 755 1692 virgo
769 1611 876 1675 virum.

74 1704 152 1766 Hoc
165 1703 317 1786 evangelio
330 1704 515 1766 concordans
528 1703 633 1784 pandit
649 1701 770 1781 Esaias,

119 1798 201 1877 Quae
213 1795 297 1858 Deus
310 1797 457 1879 inspirat,
476 1796 539 1858 haec
552 1798 632 1859 canit
645 1797 709 1878 ipse
723 1799 811 1875 tuba,

73 1891 212 1971 Eloquio
224 1904 358 1968 torrens,
374 1905 403 1952 et
416 1892 473 1951 rite
485 1891 636 1972 profunda
651 1890 783 1970 locutus,

117 1985 270 2046 Emanuel
282 1998 418 2046 nostrum
429 1985 544 2068 virgine
558 1987 645 2046 dante
659 2006 768 2047 canens
782 2011 790 2048 ε

75 2078 250 2141 Praedicens
263 2078 338 2139 olim
351 2093 384 2139 ut
398 2081 434 2140 de
448 2092 565 2156 matre,
579 2069 710 2140 tonantis
722 2081 859 2157 honore,

117 2174 243 2236 Radicis
256 2173 365 2235 florem
378 2174 401 2233 J
403 2195 485 2235 essen
497 2175 579 2259 virga
591 2176 684 2235 daret.

6 2295 7 2304 ¹
75 2267 177 2352 Virgo
191 2269 254 2330 haec
265 2269 347 2352 virga
360 2268 432 2346 suit,
453 2269 491 2328 de
505 2289 563 2348 qua
575 2267 632 2328 ssos
647 2265 784 2328 Christus
796 2267 936 2346 obortus,

121 2359 306 2444 Cujus'odor
319 2363 403 2424 vivax
415 2363 554 2424 membra
568 2360 684 2442 sepulta
697 2359 784 2420 levat.

73 2455 176 2518 Larus
189 2469 288 2517 morte
300 2458 417 2538 jacens,
433 2458 471 2517 de
485 2458 567 2538 cnjus
580 2467 714 2516 aromate
728 2467 841 2533 tactus,

118 2547 253 2630 Postque
266 2551 348 2612 diem
360 2565 500 2632 quartum
513 2545 642 2612 Lazarns
657 2571 709 2612 ore
723 2549 817 2612 reflat.

74 2643 171 2706 Hanc
181 2643 333 2706 Jeremias
345 2659 431 2706 utero
445 2647 512 2728 ipso
526 2647 740 2722 sanctificatus,

117 2737 295 2800 Monstrans
307 2760 380 2801 voce
394 2741 461 2821 pari
474 2742 516 2803 sic
529 2761 648 2820 qnoque
662 2741 736 2802 vatis
748 2739 810 2818 ait,

73 2831 161 2895 Ecce
180 2831 243 2892 dies
255 2834 392 2911 venient,
406 2847 436 2895 et
448 2832 550 2896 David
563 2835 672 2897 suscito
684 2855 829 2918 germen,

115 2925 162 2988 Et
169 2927 308 3010 regnabit
319 2949 387 3006 rex,
399 2943 487 3010 atque
499 2929 557 2992 erit
568 2930 619 2992 hic
630 2930 748 3011 sapiens
762 2951 770 3003 ;

6 3081 7 3088 ,
76 3019 153 3084 Hoc
166 3043 291 3106 germen
304 3025 414 3106 justum
426 3025 509 3108 virgo
521 3037 584 3102 est,
600 3038 630 3087 et
642 3045 693 3084 rex
705 3045 772 3085 suus
785 3023 900 3101 infans,
952 3053 954 3059 ¹

121 3115 284 3180 Judicium
297 3119 408 3182 faciens
421 3121 550 3198 arbiter,
566 3119 649 3184 orbis
661 3119 758 3181 herus.

825 3233 838 3269 1
