2218 3862
296 269 533 324 notuerunt
549 272 675 326 ornan
692 275 778 328 vrri.
899 267 959 353 ²95

123 369 253 430 Auxerat
265 380 295 430 et
307 389 429 433 nascens
443 368 573 432 Francia
585 383 651 432 vota
665 391 749 452 puer.

84 460 186 543 Quem
198 462 291 544 patris
302 475 332 522 et
344 463 447 542 patriae
459 465 530 523 dum
543 484 612 544 spes
625 464 808 527 adolesceret
819 466 938 550 ampla,

122 554 317 617 Accelera'nte
333 556 382 616 die
394 576 459 616 sors
472 557 595 619 inimica
606 557 683 619 tulit.

84 648 144 710 Sed
155 650 204 711 cni
215 649 298 710 nulla
309 662 419 711 nocent
429 649 547 729 queruli
558 652 694 734 contagia
705 655 831 730 mundi,

77 797 80 804 .
122 743 155 804 N
158 763 197 804 on
211 743 280 805 lleat
293 742 370 804 ullus
382 763 485 819 amor,
498 764 590 823 quem
601 747 693 806 modo
706 747 795 831 cingit
807 749 915 812 honor.

82 835 165 900 Nam
180 858 255 919 puer
265 838 429 912 innocuus,
443 837 545 900 vivens
558 838 622 900 sine
635 840 781 918 crimine,
796 842 912 925 lapsus,

125 929 270 1013 Perpetui
283 933 365 1015 regni
377 953 409 994 se
422 932 500 993 lavet
511 952 579 994 arce
590 933 658 993 frui.

152 1084 186 1137 V.
204 1086 469 1139 EPITAPHIUM
485 1087 735 1141 DAGOBERTI
754 1089 890 1144 REGIS.

96 1201 254 1292 &Doara
267 1235 355 1305 caput
369 1223 476 1306 populi
485 1221 659 1307 Dagoherte
670 1199 830 1307 ,perennis
841 1244 963 1304 amore,

16 1397 17 1402 η
96 1324 125 1384 >
172 1317 325 1380 Auxilium
335 1319 457 1398 patriae,
471 1338 542 1398 spes
553 1317 677 1399 puerilis
690 1318 767 1379 obis.

16 1431 17 1456 ³
96 1412 285 1483 sterruine
296 1411 387 1494 regali
399 1431 521 1474 nascens
531 1433 692 1495 generosus
705 1425 735 1473 et
747 1411 861 1490 infans,

96 1511 125 1574 Ο
176 1505 324 1567 Ostensus
334 1506 437 1580 terris,
452 1527 522 1568 mox
533 1527 654 1587 quoque
666 1518 751 1588 rapte
765 1506 853 1588 polis.

96 1608 126 1667 tt
134 1601 280 1683 Belligeni
293 1600 415 1662 veniens
431 1598 587 1662 Clodovaei
599 1611 687 1683 gente
700 1601 833 1682 potenti,

96 1705 126 1765 tn
176 1693 306 1778 Egregie
317 1694 421 1776 proavi
433 1695 587 1777 germine,
601 1695 717 1756 honore
730 1695 807 1776 pari.

97 1787 271 1872 &Regibus
282 1789 411 1868 antiquis
423 1790 607 1869 respondens
620 1789 732 1850 nobilis
741 1785 855 1865 iulans,

95 1889 128 1944 0
177 1881 402 1964 Chilpericiqoe
416 1883 508 1964 patris
518 1882 567 1942 vel
581 1881 777 1966 Fredegunde
790 1903 891 1966 genus.
985 1910 987 1914 ·

98 1982 129 2038 *i
138 1976 166 2036 T
168 1999 184 2038 e
199 1978 369 2038 veneranda
379 1989 479 2036 tamen
492 1995 561 2038 moa
572 1976 667 2037 abluit
679 1979 758 2038 unda
769 1977 899 2053 lavacri,

97 2077 127 2136 Ε
179 2069 263 2132 Hinc
275 2069 346 2132 licet
357 2081 511 2150 arreptum
526 2068 575 2129 lux
588 2083 670 2130 tenet
682 2069 741 2130 alta
751 2070 873 2130 throno.

98 2163 223 2229 <Vivis
234 2165 351 2224 honore
364 2184 453 2246 ergo,
468 2175 498 2224 et
509 2185 578 2225 cum
588 2165 676 2246 judex
687 2164 803 2225 venerit
813 2162 916 2238 orbis,

97 2273 129 2320 to
178 2255 373 2320 surrecturus
385 2257 443 2318 eris
456 2256 583 2340 fulgidus
597 2277 650 2318 ore
662 2257 771 2318 nitens.

123 2410 170 2462 Vl.
191 2411 241 2462 ΛΙ)
262 2410 477 2464 GREGORlUM
494 2410 566 2463 PRO
582 2409 715 2461 METRIS
733 2407 927 2464 SAPPHlClS.

87 2525 262 2607 Pontum
275 2541 396 2622 eloquio
409 2542 548 2622 pervenit
558 2541 685 2624 epistola
699 2541 827 2618 cursim,

131 2639 192 2702 Sed
205 2636 300 2698 voluit
310 2647 382 2696 voto
395 2637 480 2696 tarda
492 2635 596 2698 venire
608 2655 689 2696 meo.

88 2734 120 2798 N
123 2757 158 2797 ec
170 2746 272 2793 tamen
286 2729 412 2790 ollendit
423 2730 558 2808 quamvis
571 2741 722 2790 remorata
734 2729 877 2809 requirit,

130 2826 235 2908 Quem
248 2836 330 2886 tenet
341 2823 494 2886 astrictum
508 2836 611 2885 mente
622 2822 731 2906 ligante
742 2823 853 2885 virum.

90 2920 172 2985 Cum
184 2921 305 3003 cupiam
315 2917 424 2992 talem,
439 2918 535 2998 qualis
548 2917 603 2978 suit
616 2916 667 2977 ille
681 2915 838 2990 Naaanzo,

129 3000 315 3098 Gregorium
328 3025 361 3073 ut
372 3031 493 3094 repares
507 3013 661 3094 dogmate,
675 3013 743 3072 sede
756 3027 874 3090 parens.

89 3108 227 3192 Quaeque
241 3106 410 3190 injunxisti,
425 3119 510 3189 pater
523 3127 592 3170 eece
606 3115 746 3187 poemata
759 3100 849 3179 misi,
