2222 3844
154 335 171 372 2
391 316 425 367 V.
451 317 487 368 ll.
514 317 801 373 FORTUNATUS

152 413 381 497 Psalmographi
395 413 511 496 plectro
524 427 639 476 cantata
652 429 695 476 est
709 418 762 477 ista
775 418 895 501 virago,

198 509 280 573 Cum
293 511 377 568 daret
390 521 452 568 arte
466 508 563 569 melos
576 530 647 585 vox,
664 508 744 592 lyra,
760 510 886 585 chorda,
904 511 1014 572 chorus
1029 556 1041 589 ,

152 602 255 665 Mater
270 601 345 670 Sion
359 602 431 662 dicit
441 602 536 662 homo
549 647 558 677 ,
572 615 602 663 et
614 603 708 663 homo
722 605 815 665 faetus
827 604 858 664 in
872 604 924 664 illa
934 618 995 681 est,

191 697 261 780 Ipse
274 698 352 759 hanc
365 697 516 772 fundavit,
541 697 635 758 factus
646 698 677 756 in
691 699 756 778 ipsa
770 710 799 759 et
809 698 903 759 homo
918 712 982 759 est:

153 791 206 854 Sic
219 813 338 870 quoque
351 791 402 870 qui
417 791 550 853 undavit
563 811 649 866 eam,
665 805 708 852 est
721 791 880 854 altissimus
892 794 977 875 ipse,

192 885 262 947 Nec
277 882 352 945 Sion
366 898 479 961 mater,
497 885 581 969 virgo
596 883 695 946 Maria
708 887 772 948 fuit.

152 979 217 1042 Hic
229 993 370 1057 tanquam
384 999 510 1059 sponsus
522 979 655 1040 thalamo
668 981 805 1061 procedit
817 981 855 1042 ab
867 981 945 1058 alto,

193 1071 372 1152 Exultatque
384 1073 462 1155 gigas
477 1069 633 1149 Christus,
648 1076 748 1134 eundo
762 1075 852 1136 viam.

153 1165 185 1229 0
198 1167 275 1228 uteri
287 1164 452 1241 thalamus,
467 1186 545 1227 nova
556 1168 669 1248 junctio
683 1168 759 1230 facta
774 1168 892 1244 salutis,

197 1261 269 1342 Qua
281 1259 366 1322 Deus
379 1273 466 1340 atque
481 1281 551 1322 earo
568 1261 669 1342 nupsit
684 1262 801 1322 honore
814 1282 903 1323 novo.

153 1353 340 1436 QuodDeus
350 1354 633 1436 amplexusearnem
645 1368 700 1430 est,
713 1376 783 1418 caro
796 1358 896 1437 juncta
906 1355 1047 1435 cohaesit,

195 1447 550 1527 StatDeus‚atquehomo
560 1445 1021 1533 lit,Christusutrumquegenus
1038 1477 1047 1512 :

153 1544 228 1606 Non
242 1543 328 1603 Deus
341 1542 374 1600 in
387 1561 510 1604 earnem
522 1555 566 1602 est
581 1561 699 1616 versus,
713 1541 799 1603 Deus
811 1544 922 1623 accipit
934 1557 1037 1625 artus,
1109 1597 1110 1622 ,

193 1635 270 1697 Non
283 1655 314 1696 se
327 1648 519 1714 permutans,
536 1637 588 1696 sed
601 1635 659 1696 sibi
674 1636 812 1696 membra
823 1636 943 1711 levans3

155 1729 249 1812 Cujus
260 1748 322 1788 non
335 1741 453 1809 poterat
466 1728 560 1788 deitas
573 1749 628 1809 per
642 1741 746 1809 aperta
757 1729 872 1807 videri,

195 1823 346 1884 Velamen
363 1821 491 1904 sumpsit
503 1841 593 1883 carne
607 1822 752 1883 videndus
765 1824 868 1884 homo.

155 1918 245 1979 Unus
258 1917 290 1976 in
303 1916 448 1980 ambabus
461 1917 591 1992 naturis,
607 1936 693 1978 verus
703 1917 736 1977 in
749 1918 844 1999 ipsis,

194 2009 339 2091 AEqualis
349 2011 440 2072 matri
452 2011 542 2086 hine,
560 2031 616 2092 par
628 2011 737 2072 deitate
752 2014 846 2095 patri;

156 2106 232 2168 Non
245 2126 298 2168 sua
313 2105 518 2181 confundens,
534 2105 592 2166 sibi
605 2118 707 2167 nostra
716 2108 768 2167 sed
782 2106 886 2167 omnia
902 2118 1050 2187 nectens,

199 2198 304 2281 Quem
321 2200 385 2260 sine
399 2211 523 2280 peccato
544 2200 637 2283 gignit
649 2213 772 2280 uterque
784 2200 882 2262 virum
897 2221 904 2272 ;

156 2294 208 2355 De
221 2307 307 2376 patre
321 2306 406 2354 natus
419 2294 534 2356 habens
549 2294 666 2371 divina,
681 2295 870 2374 humanaque
882 2306 996 2370 matre,

199 2387 251 2450 De
265 2400 351 2470 patre
365 2387 525 2464 ¹sublimis,
538 2389 578 2449 de
589 2390 745 2472 genetrice
758 2386 899 2448 humilis:

161 2481 295 2561 Quando
309 2482 507 2562 incorporeus
519 2482 577 2546 sibi
591 2481 730 2563 corporis
742 2479 839 2540 induit
851 2491 947 2554 artus,

202 2571 346 2653 AEqualis
358 2574 449 2634 matri
462 2573 514 2651 fit,
527 2575 630 2634 minor
642 2574 713 2634 inde
727 2572 823 2654 patri;

162 2668 318 2744 Carnem,
337 2668 488 2743 animam,
504 2687 588 2744 ossa,
608 2681 726 2746 cutem,
746 2687 871 2746 nervos,
890 2682 1051 2751 ventrem,

327 2761 444 2837 femur,
456 2782 586 2845 ungues,

205 2854 316 2918 Servus
328 2867 361 2916 ut
373 2874 547 2932 assumens,
566 2867 610 2916 est
621 2854 723 2916 minor
734 2857 804 2918 inde
816 2859 904 2940 patri.

162 2949 227 3012 Sed
238 2951 349 3026 redeo,
363 2968 423 3031 qua
434 2949 518 3033 virgo
531 2947 639 3025 trahit,
653 2949 729 3010 mihi
741 2950 828 3012 laude
840 2953 992 3026 canenda,

210 3043 319 3122 Qualis
331 3042 415 3103 nulla
427 3043 501 3120 suit,
515 3043 599 3106 nulla
610 3044 709 3105 [utura
719 3045 816 3118 venit3

162 3136 330 3225 Quemque
342 3137 450 3221 pluunt
462 3138 557 3202 nubes
568 3140 680 3222 justum
691 3139 729 3200 de
742 3159 812 3200 rore
824 3156 974 3221 superno,
