2218 3862
296 311 537 376 POEMATUM
559 308 686 367 utuntt
709 311 745 364 X.
900 299 963 365 335

202 455 318 513 XVIII.
338 455 395 508 DE
416 455 608 508 DELICIIS
630 454 682 508 ET
703 456 847 511 tuctu.
898 449 900 453 ’

84 552 193 637 Itt'ttttt
206 564 390 646 multiplices
402 563 505 646 epulas
516 563 628 648 jejunIa
640 564 751 643 mittis,

124 659 225 739 Atque
237 677 322 720 meus
334 657 452 719 animos
465 658 552 741 plura
564 657 695 721 videndo
708 680 833 723 cremas.

84 751 264 833 Respiciunt
277 751 376 828 oculi,
389 752 525 815 medicus
537 753 618 832 quod
629 774 692 815 nun
703 755 786 838 jubet
798 753 859 831 uti,

125 843 168 906 Et
176 865 282 906 munus
294 845 347 906 itta
358 857 438 908 vetut
449 846 531 925 quud
542 845 610 928 gula
620 859 722 909 nostra
734 860 827 932 rogat.

84 935 128 1000 Et
137 951 238 1000 tamen
249 951 318 1000 ante
330 937 412 999 aliud
423 959 493 1001 cunr
503 938 587 1001 laetis
597 941 702 1022 opima
713 942 883 1019 ministras,

126 1030 307 1094 Muneribus
317 1031 413 1095 vineis
427 1032 512 1116 regia
528 1033 610 1093 dona
633 1033 704 1097 tuis.

85 1124 180 1188 Nunc
193 1145 263 1187 cum
276 1139 372 1186 matre
384 1125 436 1207 pia
446 1125 577 1208 gaudens
590 1144 678 1188 soror
690 1140 773 1207 esto,
791 1147 970 1212 precamur,
989 1133 993 1137 “

128 1217 213 1282 Nam
225 1240 281 1282 nos
294 1219 402 1282 laetitiae
415 1237 520 1282 mensu
529 1219 660 1305 benigna
671 1233 764 1284 tenet.

244 1372 330 1426 x1x.
353 1372 434 1426 nno
458 1371 558 1426 ovis
579 1371 631 1455 ur
651 1373 818 1428 inuitis.

92 1471 248 1559 Hmcme
261 1492 817 1579 deliciis‚ittincmepascnisuerbis,

133 1589 218 1651 Hine
232 1606 289 1650 ova
301 1600 478 1664 occurrunt,
487 1589 559 1652 binc
572 1589 647 1650 mibi
660 1609 757 1671 pruna
770 1592 866 1652 datur.

93 1681 231 1748 Candida
244 1681 325 1741 duna
335 1679 425 1742 simul
438 1683 630 1762 praebentur,
642 1695 672 1744 et
681 1683 751 1744 inde
764 1683 892 1767 nigella,

132 1773 245 1836 Ventri
257 1774 374 1835 utinam
386 1775 511 1856 parsit,
525 1775 569 1838 sic
580 1777 714 1840 variante
726 1777 805 1840 cibo.

1 1889 2 1892 ’
92 1867 149 1932 Me
159 1865 287 1952 geminis
298 1867 363 1929 oris
372 1867 497 1950 jussistis
510 1889 579 1931 sero
592 1870 687 1932 cibari
701 1913 710 1946 ‚

1 2407 3 2474 t

133 1961 233 2023 Vobis
244 1980 316 2024 vera
325 1960 454 2041 loquor,
465 1976 593 2042 quatuor
606 1965 671 2045 ipse
684 1960 759 2025 bibi.

91 2055 193 2136 Atque
204 2055 319 2116 utinam
329 2061 448 2117 merenr
459 2057 573 2118 cunctis
584 2077 690 2138 parere
703 2056 826 2131 diebus,

138 2145 191 2211 Sic
202 2147 322 2224 animo,
337 2168 393 2219 ceu
404 2169 485 2212 nune
497 2149 556 2212 boc
567 2148 635 2233 gula
645 2151 723 2231 jussa
734 2148 814 2211 facit.

296 2300 359 2351 XX.
382 2297 434 2349 DE
461 2298 668 2353 ABSENTIA
692 2299 781 2354 sUA.

97 2383 141 2469 St
152 2424 201 2466 me
214 2425 278 2469 nun
289 2405 420 2468 nimium
431 2406 593 2488 pluviatilis
606 2425 678 2467 aura
687 2416 816 2483 vetaret,

138 2497 225 2560 Dum
237 2499 393 2562 nesciretis
404 2519 462 2563 vus
474 2499 631 2580 repetisset
643 2518 755 2560 amans.

1 2653 2 2668 ,
97 2591 170 2656 Nec
179 2591 251 2655 volo
264 2613 345 2656 nunc
354 2593 461 2654 absens
472 2611 532 2653 una
545 2593 681 2655 detenter
690 2605 722 2653 ut
733 2591 828 2667 hora,

143 2683 225 2748 Cum
236 2705 306 2748 mea
316 2699 388 2749 tune
399 2685 449 2748 lux
461 2698 522 2764 est,
534 2687 654 2766 quando
665 2687 783 2749 videtur
795 2702 908 2747 amans.

344 2825 427 2880 XXI.
448 2825 504 2878 DE
528 2824 751 2882 CONVIVIO.

100 2914 180 2998 Putt
193 2935 312 3018 pIetatis
325 2956 418 3019 opus,
430 2955 503 3017 per,
517 2935 569 3015 qui
581 2934 650 3017 pins
662 2932 792 3014 imperat
799 2930 903 3008 astris,

146 3027 206 3091 Per
219 3031 301 3111 quod
309 3042 407 3092 mater
419 3041 518 3106 amat,
531 3029 624 3096 frater
637 3039 668 3088 et
681 3026 745 3107 ipse
758 3024 858 3106 cupit;

102 3120 152 3184 Ut
161 3124 234 3184 dum
247 3143 304 3186 nos
316 3143 414 3187 escam
429 3123 565 3205 capimus
576 3125 754 3201 quoeunque
767 3115 894 3194 ciberis,

151 3215 247 3297 Quot
260 3218 329 3281 situ
341 3217 451 3298 tactas,
463 3217 510 3280 bis
523 3214 655 3281 satiabor
668 3232 733 3298 ego.
