2222 3844
165 311 202 372 16
224 319 257 378 V.
270 325 307 376 H.
323 321 564 376 FORTUNATUS
576 319 626 373 DE
638 321 721 376 VlTn
735 320 863 374 SANGTI
874 322 1041 376 MARTINI.

160 417 301 479 Assrcitur
313 414 449 476 tremulis
463 412 639 474 temerarius
653 412 765 474 arbiter
778 413 884 490 undis,

201 510 243 570 Et
256 522 354 590 stupet
365 508 527 589 implicitas
540 505 613 587 quas
625 519 708 588 petat
721 520 783 568 arte
795 508 866 570 vias.

161 605 333 679 Attonitus,
344 603 498 684 trepidus,
512 602 673 678 hebetans,
687 621 793 683 vagus,
804 602 917 679 anxius,
927 623 1055 686 anceps,

192 695 343 759 'Confuso
355 696 477 779 ingenio
490 716 562 757 mox
576 716 634 777 ope
648 709 737 756 nauta
751 709 841 758 caret.

162 791 296 870 Jamque
309 789 524 874 gubernaclum
538 790 679 850 amittens
692 791 808 851 ratione
823 791 946 873 gerendi

205 883 345 945 Pondere
360 885 453 946 victus
467 905 550 965 aquae
563 884 680 945 nescius
694 897 756 945 arte
769 887 855 966 jacet,

163 978 215 1040 Sic
229 1000 283 1062 ego
298 981 334 1040 de
348 979 476 1040 modieis
489 979 654 1056 minimus,
670 978 849 1039 venerahilis
863 977 979 1060 Agnes,

206 1071 288 1134 Cum
303 1071 486 1156 Radegunde
499 1092 581 1133 sacra
596 1092 668 1151 quas
680 1072 748 1134 colo
762 1085 844 1132 sorte
855 1073 906 1153 pia
920 1097 927 1133 :

160 1166 301 1228 Tendere
313 1166 484 1248 pollicitum
498 1167 568 1246 quia
582 1187 675 1250 cogor
687 1168 724 1227 ad
737 1167 828 1227 ardua
841 1188 996 1251 gressum,

202 1261 345 1343 Imperiis
358 1261 447 1322 tantis
460 1261 574 1323 viribus
588 1254 689 1344 imp'ar
702 1281 785 1346 agor.
1101 1341 1102 1352 ἵ

159 1353 300 1417 Fluctuat
313 1355 467 1438 ingenium
481 1357 528 1419 cui
542 1377 604 1416 non
618 1369 700 1416 natat
711 1357 791 1416 unda
804 1375 961 1432 camoenae,
1101 1365 1102 1446 ,

201 1448 314 1510 Sensus
328 1469 470 1510 arenosus
484 1470 546 1509 non
558 1450 633 1532 rigat
647 1469 700 1510 ore
713 1449 802 1511 lacus.

159 1541 244 1604 Nam
258 1543 371 1604 celsum
386 1542 502 1603 meritis
516 1541 685 1602 Martinum
699 1544 736 1603 ad
750 1545 857 1628 sydera
869 1555 995 1623 notum,

204 1634 285 1698 Cum
297 1636 357 1696 sint
369 1648 439 1696 vota
454 1635 548 1710 mihi,
566 1656 630 1697 non
643 1637 721 1698 valet
735 1657 804 1699 arca
816 1637 910 1717 loqui.

160 1726 352 1790 Posceudum
366 1741 410 1789 est
422 1729 508 1790 vobis
520 1751 559 1790 ne
572 1730 714 1815 naufraga
726 1752 817 1814 prora
831 1732 968 1811 laboret,

201 1821 341 1884 Flatibus
354 1822 405 1884 ille
419 1822 479 1883 suis
493 1824 546 1883 sed
558 1845 627 1885 mea
641 1825 707 1888 vela
719 1827 808 1908 juvet.
1101 1835 1102 1908 t

163 1912 298 1978 Credere
311 1929 382 1979 tunc
394 1930 504 1998 potero
517 1919 555 1977 ad
568 1932 691 1999 portum
705 1941 775 1982 mea
788 1922 909 1984 carbasa
921 1922 1018 2001 ferri,

202 2009 364 2091 Aspirante
378 2011 437 2071 srde
449 2011 474 2071 si
488 2031 540 2072 sua
551 2011 645 2073 flabra
658 2013 766 2076 favent.
1101 2069 1102 2104 ,

160 2103 254 2166 Ferte
265 2117 424 2186 precanter
437 2124 548 2185 opem,
566 2119 596 2167 et
609 2108 647 2168 de
659 2105 766 2169 Verbo
780 2107 895 2189 poscite
908 2110 1023 2185 verba;
1101 2115 1102 2160 Τ

205 2195 239 2257 Si
253 2197 320 2257 sons
335 2197 385 2257 ille
399 2198 493 2280 rigat,
513 2198 626 2260 rivulus
639 2199 694 2260 iste
709 2213 799 2262 meat.
1101 2275 1102 2278 Ἴ

162 2290 229 2357 Vos
243 2293 308 2352 date
321 2293 402 2373 quod
414 2293 499 2354 vobis
513 2315 582 2356 cum
594 2294 709 2355 foenore
722 2296 827 2355 reddat
839 2295 1000 2376 alumnus,

204 2385 323 2448 Addam
339 2400 367 2447 et
378 2386 523 2450 thesauris
535 2408 627 2470 parva
639 2387 750 2449 talenta
763 2389 834 2450 suis.
