<?xml version="1.0" encoding="UTF-8"?>
<!DOCTYPE html PUBLIC "-//W3C//DTD XHTML 1.0 Transitional//EN"
    "http://www.w3.org/TR/xhtml1/DTD/xhtml1-transitional.dtd">
<html xmlns="http://www.w3.org/1999/xhtml" xml:lang="en" lang="en">
 <head>
  <title>
</title>
<meta http-equiv="Content-Type" content="text/html;charset=utf-8" />
  <meta name='ocr-system' content='tesseract 3.04.00' />
  <meta name='ocr-capabilities' content='ocr_page ocr_carea ocr_par ocr_line ocrx_word'/>
</head>
<body>
  <div class='ocr_page' id='page_1' title='image "./venantiihonorii00unkngoog_0151.png"; bbox 0 0 2230 3838; ppageno 0'>
   <div class='ocr_carea' id='block_1_1' title="bbox 67 331 957 3252">
    <p class='ocr_par' dir='ltr' id='par_1_1' title="bbox 67 331 957 3252">
     <span class='ocr_line' id='line_1_1' title="bbox 287 331 957 403; baseline 0.006 -6"><span class='ocrx_word' id='word_1_1' title='bbox 287 346 527 402; x_wconf 72' lang='lat' dir='ltr'>rosnarum</span> <span class='ocrx_word' id='word_1_2' title='bbox 550 350 673 403; x_wconf 76' lang='lat' dir='ltr'>unua</span> <span class='ocrx_word' id='word_1_3' title='bbox 700 351 740 402; x_wconf 87' lang='lat'>11.</span> <span class='ocrx_word' id='word_1_4' title='bbox 900 331 957 393; x_wconf 81' lang='lat'>135</span> 
     </span>
     <span class='ocr_line' id='line_1_2' title="bbox 113 435 809 521; baseline 0.007 -24"><span class='ocrx_word' id='word_1_5' title='bbox 113 435 154 497; x_wconf 84' lang='lat' dir='ltr'>Et</span> <span class='ocrx_word' id='word_1_6' title='bbox 164 448 295 498; x_wconf 87' lang='lat' dir='ltr'>matrem</span> <span class='ocrx_word' id='word_1_7' title='bbox 307 435 447 516; x_wconf 87' lang='lat' dir='ltr'>linquens</span> <span class='ocrx_word' id='word_1_8' title='bbox 460 459 529 501; x_wconf 87' lang='lat' dir='ltr'>eum</span> <span class='ocrx_word' id='word_1_9' title='bbox 538 453 624 521; x_wconf 84' lang='lat' dir='ltr'>patre</span> <span class='ocrx_word' id='word_1_10' title='bbox 638 440 704 502; x_wconf 84' lang='lat' dir='ltr'>laeta</span> <span class='ocrx_word' id='word_1_11' title='bbox 715 452 809 502; x_wconf 83' lang='lat' dir='ltr'>tenes.</span> 
     </span>
     <span class='ocr_line' id='line_1_3' title="bbox 75 529 786 615; baseline 0.003 -23"><span class='ocrx_word' id='word_1_12' title='bbox 75 529 209 592; x_wconf 82' lang='lat' dir='ltr'><strong>Humani</strong></span> <span class='ocrx_word' id='word_1_13' title='bbox 220 531 319 594; x_wconf 83' lang='lat' dir='ltr'>vietor</span> <span class='ocrx_word' id='word_1_14' title='bbox 330 530 397 592; x_wconf 86' lang='lat' dir='ltr'>vitii</span> <span class='ocrx_word' id='word_1_15' title='bbox 410 551 500 613; x_wconf 83' lang='lat' dir='ltr'>super</span> <span class='ocrx_word' id='word_1_16' title='bbox 512 546 591 594; x_wconf 87' lang='lat' dir='ltr'>astra</span> <span class='ocrx_word' id='word_1_17' title='bbox 604 533 786 615; x_wconf 83' lang='lat' dir='ltr'>triumphas,</span> 
     </span>
     <span class='ocr_line' id='line_1_4' title="bbox 113 626 842 707; baseline 0 -21"><span class='ocrx_word' id='word_1_18' title='bbox 113 626 209 705; x_wconf 79' lang='lat' dir='ltr'>Atque</span> <span class='ocrx_word' id='word_1_19' title='bbox 221 644 360 688; x_wconf 84' lang='lat' dir='ltr'>cremans</span> <span class='ocrx_word' id='word_1_20' title='bbox 374 644 496 688; x_wconf 87' lang='lat' dir='ltr'>carnem</span> <span class='ocrx_word' id='word_1_21' title='bbox 508 628 560 690; x_wconf 74' lang='lat' dir='ltr'>clas</span> <span class='ocrx_word' id='word_1_22' title='bbox 572 629 682 689; x_wconf 72' lang='lat' dir='ltr'>anima</span> <span class='ocrx_word' id='word_1_23' title='bbox 693 628 842 707; x_wconf 84' lang='lat' dir='ltr'>requiem.</span> 
     </span>
     <span class='ocr_line' id='line_1_5' title="bbox 73 719 835 806; baseline 0.005 -26"><span class='ocrx_word' id='word_1_24' title='bbox 73 719 120 781; x_wconf 83' lang='lat' dir='ltr'>Te</span> <span class='ocrx_word' id='word_1_25' title='bbox 130 720 208 781; x_wconf 89' lang='lat' dir='ltr'>inter</span> <span class='ocrx_word' id='word_1_26' title='bbox 220 719 390 780; x_wconf 84' lang='lat' dir='ltr'>mundanos</span> <span class='ocrx_word' id='word_1_27' title='bbox 401 741 508 802; x_wconf 84' lang='lat' dir='ltr'>vepres</span> <span class='ocrx_word' id='word_1_28' title='bbox 519 723 694 806; x_wconf 80' lang='lat' dir='ltr'>gradiente,</span> <span class='ocrx_word' id='word_1_29' title='bbox 707 721 835 784; x_wconf 78' lang='lat' dir='ltr'>latemur</span> 
     </span>
     <span class='ocr_line' id='line_1_6' title="bbox 115 813 679 896; baseline 0.009 -22"><span class='ocrx_word' id='word_1_30' title='bbox 115 813 246 877; x_wconf 85' lang='lat' dir='ltr'>Calcatis</span> <span class='ocrx_word' id='word_1_31' title='bbox 259 813 355 896; x_wconf 85' lang='lat' dir='ltr'>spinis</span> <span class='ocrx_word' id='word_1_32' title='bbox 367 817 571 896; x_wconf 81' lang='lat' dir='ltr'><strong>promeruisse</strong></span> <span class='ocrx_word' id='word_1_33' title='bbox 585 836 679 879; x_wconf 86' lang='lat' dir='ltr'>rosas.</span> 
     </span>
     <span class='ocr_line' id='line_1_7' title="bbox 70 907 839 991; baseline 0.001 -22"><span class='ocrx_word' id='word_1_34' title='bbox 70 908 164 970; x_wconf 82' lang='lat' dir='ltr'>Flore</span> <span class='ocrx_word' id='word_1_35' title='bbox 176 907 308 969; x_wconf 81' lang='lat' dir='ltr'>refertus</span> <span class='ocrx_word' id='word_1_36' title='bbox 319 927 389 991; x_wconf 83' lang='lat' dir='ltr'>ager</span> <span class='ocrx_word' id='word_1_37' title='bbox 399 928 502 971; x_wconf 79' lang='lat' dir='ltr'>suaves</span> <span class='ocrx_word' id='word_1_38' title='bbox 512 911 569 974; x_wconf 88' lang='lat' dir='ltr'>tibi</span> <span class='ocrx_word' id='word_1_39' title='bbox 581 909 680 972; x_wconf 78' lang='lat' dir='ltr'>fundit</span> <span class='ocrx_word' id='word_1_40' title='bbox 692 910 818 985; x_wconf 76' lang='lat' dir='ltr'>odores,</span> <span class='ocrx_word' id='word_1_41' title='bbox 833 969 839 980; x_wconf 86' lang='grc'><strong><em>,</em></strong></span> 
     </span>
     <span class='ocr_line' id='line_1_8' title="bbox 108 1001 876 1087; baseline 0 -23"><span class='ocrx_word' id='word_1_42' title='bbox 108 1001 275 1077; x_wconf 78' lang='lat' dir='ltr'><strong>Balsama,</strong></span> <span class='ocrx_word' id='word_1_43' title='bbox 289 1002 376 1063; x_wconf 88' lang='lat' dir='ltr'>thura</span> <span class='ocrx_word' id='word_1_44' title='bbox 389 1003 524 1085; x_wconf 83' lang='lat' dir='ltr'>replent,</span> <span class='ocrx_word' id='word_1_45' title='bbox 536 1027 602 1085; x_wconf 87' lang='lat' dir='ltr'>quae</span> <span class='ocrx_word' id='word_1_46' title='bbox 614 1005 768 1087; x_wconf 74' lang='lat' dir='ltr'><strong>paradisus</strong></span> <span class='ocrx_word' id='word_1_47' title='bbox 778 1003 876 1066; x_wconf 87' lang='lat' dir='ltr'>habet.</span> 
     </span>
     <span class='ocr_line' id='line_1_9' title="bbox 73 1094 782 1182; baseline -0.003 -22"><span class='ocrx_word' id='word_1_48' title='bbox 73 1094 167 1160; x_wconf 83' lang='lat' dir='ltr'><strong>Cauta</strong></span> <span class='ocrx_word' id='word_1_49' title='bbox 178 1116 238 1178; x_wconf 81' lang='lat' dir='ltr'>per</span> <span class='ocrx_word' id='word_1_50' title='bbox 250 1109 406 1179; x_wconf 83' lang='lat' dir='ltr'>augustum</span> <span class='ocrx_word' id='word_1_51' title='bbox 418 1097 512 1181; x_wconf 85' lang='lat' dir='ltr'>figens</span> <span class='ocrx_word' id='word_1_52' title='bbox 523 1098 645 1182; x_wconf 80' lang='lat' dir='ltr'>vestigia</span> <span class='ocrx_word' id='word_1_53' title='bbox 657 1098 782 1162; x_wconf 86' lang='lat' dir='ltr'>callem:</span> 
     </span>
     <span class='ocr_line' id='line_1_10' title="bbox 112 1187 707 1254; baseline 0.007 -4"><span class='ocrx_word' id='word_1_54' title='bbox 112 1187 163 1253; x_wconf 87' lang='lat' dir='ltr'>Sic</span> <span class='ocrx_word' id='word_1_55' title='bbox 174 1190 259 1251; x_wconf 86' lang='lat' dir='ltr'>dedit</span> <span class='ocrx_word' id='word_1_56' title='bbox 273 1202 354 1252; x_wconf 87' lang='lat' dir='ltr'>areta</span> <span class='ocrx_word' id='word_1_57' title='bbox 362 1190 420 1251; x_wconf 86' lang='lat' dir='ltr'>tihi</span> <span class='ocrx_word' id='word_1_58' title='bbox 432 1192 538 1252; x_wconf 87' lang='lat' dir='ltr'>semita</span> <span class='ocrx_word' id='word_1_59' title='bbox 550 1191 626 1254; x_wconf 84' lang='lat' dir='ltr'>lucis</span> <span class='ocrx_word' id='word_1_60' title='bbox 639 1191 707 1254; x_wconf 88' lang='lat' dir='ltr'>iter.</span> 
     </span>
     <span class='ocr_line' id='line_1_11' title="bbox 69 1281 819 1369; baseline -0.001 -24"><span class='ocrx_word' id='word_1_61' title='bbox 69 1281 143 1345; x_wconf 84' lang='lat' dir='ltr'><strong>Lata</strong></span> <span class='ocrx_word' id='word_1_62' title='bbox 155 1283 348 1365; x_wconf 83' lang='lat' dir='ltr'>voluptatum</span> <span class='ocrx_word' id='word_1_63' title='bbox 359 1284 407 1344; x_wconf 88' lang='lat' dir='ltr'>ria</span> <span class='ocrx_word' id='word_1_64' title='bbox 418 1305 483 1363; x_wconf 81' lang='lat' dir='ltr'>quae</span> <span class='ocrx_word' id='word_1_65' title='bbox 497 1285 664 1369; x_wconf 78' lang='lat' dir='ltr'>submergit</span> <span class='ocrx_word' id='word_1_66' title='bbox 675 1284 819 1360; x_wconf 82' lang='lat' dir='ltr'>Averno,</span> 
     </span>
     <span class='ocr_line' id='line_1_12' title="bbox 108 1377 769 1460; baseline -0.002 -22"><span class='ocrx_word' id='word_1_67' title='bbox 108 1377 223 1441; x_wconf 84' lang='lat' dir='ltr'>Dulcia</span> <span class='ocrx_word' id='word_1_68' title='bbox 235 1378 332 1440; x_wconf 88' lang='lat' dir='ltr'>caruis</span> <span class='ocrx_word' id='word_1_69' title='bbox 344 1377 426 1439; x_wconf 87' lang='lat' dir='ltr'>aleus</span> <span class='ocrx_word' id='word_1_70' title='bbox 440 1379 545 1440; x_wconf 86' lang='lat' dir='ltr'>mortis</span> <span class='ocrx_word' id='word_1_71' title='bbox 555 1397 659 1440; x_wconf 88' lang='lat' dir='ltr'><strong>amara</strong></span> <span class='ocrx_word' id='word_1_72' title='bbox 672 1391 769 1460; x_wconf 83' lang='lat' dir='ltr'><strong>parat.</strong></span> 
     </span>
     <span class='ocr_line' id='line_1_13' title="bbox 68 1469 809 1555; baseline -0.003 -21"><span class='ocrx_word' id='word_1_73' title='bbox 68 1471 140 1534; x_wconf 86' lang='lat' dir='ltr'>Hoc</span> <span class='ocrx_word' id='word_1_74' title='bbox 149 1491 307 1552; x_wconf 88' lang='lat' dir='ltr'>uunquam</span> <span class='ocrx_word' id='word_1_75' title='bbox 319 1491 419 1534; x_wconf 83' lang='lat' dir='ltr'>saeros</span> <span class='ocrx_word' id='word_1_76' title='bbox 429 1469 534 1532; x_wconf 80' lang='lat' dir='ltr'>flexisti</span> <span class='ocrx_word' id='word_1_77' title='bbox 546 1471 669 1533; x_wconf 78' lang='lat' dir='ltr'>tramite</span> <span class='ocrx_word' id='word_1_78' title='bbox 678 1491 809 1555; x_wconf 60' lang='lat' dir='ltr'>gressum</span> 
     </span>
     <span class='ocr_line' id='line_1_14' title="bbox 108 1566 735 1648; baseline -0.002 -20"><span class='ocrx_word' id='word_1_79' title='bbox 108 1566 177 1628; x_wconf 89' lang='lat' dir='ltr'>Nec</span> <span class='ocrx_word' id='word_1_80' title='bbox 186 1579 317 1648; x_wconf 81' lang='lat' dir='ltr'>potuere</span> <span class='ocrx_word' id='word_1_81' title='bbox 328 1577 395 1626; x_wconf 84' lang='lat' dir='ltr'>tuos</span> <span class='ocrx_word' id='word_1_82' title='bbox 407 1584 499 1645; x_wconf 83' lang='lat' dir='ltr'><strong>prava</strong></span> <span class='ocrx_word' id='word_1_83' title='bbox 510 1578 615 1626; x_wconf 88' lang='lat' dir='ltr'>tenere</span> <span class='ocrx_word' id='word_1_84' title='bbox 630 1566 735 1647; x_wconf 76' lang='lat' dir='ltr'>perles.</span> 
     </span>
     <span class='ocr_line' id='line_1_15' title="bbox 68 1657 893 1742; baseline 0 -22"><span class='ocrx_word' id='word_1_85' title='bbox 68 1659 190 1720; x_wconf 88' lang='lat' dir='ltr'>Durum</span> <span class='ocrx_word' id='word_1_86' title='bbox 203 1659 263 1718; x_wconf 88' lang='lat' dir='ltr'>iter</span> <span class='ocrx_word' id='word_1_87' title='bbox 276 1659 313 1719; x_wconf 87' lang='lat' dir='ltr'><strong>ad</strong></span> <span class='ocrx_word' id='word_1_88' title='bbox 323 1657 440 1734; x_wconf 88' lang='lat' dir='ltr'>laudes,</span> <span class='ocrx_word' id='word_1_89' title='bbox 454 1659 574 1742; x_wconf 81' lang='lat' dir='ltr'>gravior</span> <span class='ocrx_word' id='word_1_90' title='bbox 584 1658 633 1721; x_wconf 86' lang='lat' dir='ltr'>ria</span> <span class='ocrx_word' id='word_1_91' title='bbox 644 1659 725 1721; x_wconf 78' lang='lat' dir='ltr'>(lucit</span> <span class='ocrx_word' id='word_1_92' title='bbox 738 1658 770 1720; x_wconf 90' lang='lat' dir='ltr'>in</span> <span class='ocrx_word' id='word_1_93' title='bbox 782 1659 893 1733; x_wconf 83' lang='lat' dir='ltr'>altum,</span> 
     </span>
     <span class='ocr_line' id='line_1_16' title="bbox 108 1752 765 1836; baseline 0 -22"><span class='ocrx_word' id='word_1_94' title='bbox 108 1754 183 1834; x_wconf 84' lang='lat' dir='ltr'>Quo</span> <span class='ocrx_word' id='word_1_95' title='bbox 194 1753 285 1813; x_wconf 85' lang='lat' dir='ltr'>labor</span> <span class='ocrx_word' id='word_1_96' title='bbox 295 1763 340 1812; x_wconf 88' lang='lat' dir='ltr'>est</span> <span class='ocrx_word' id='word_1_97' title='bbox 347 1752 467 1833; x_wconf 83' lang='lat' dir='ltr'>potior,</span> <span class='ocrx_word' id='word_1_98' title='bbox 479 1753 576 1836; x_wconf 84' lang='lat' dir='ltr'>gloria</span> <span class='ocrx_word' id='word_1_99' title='bbox 587 1754 685 1833; x_wconf 88' lang='lat' dir='ltr'>major</span> <span class='ocrx_word' id='word_1_100' title='bbox 698 1752 765 1814; x_wconf 87' lang='lat' dir='ltr'>erit.</span> 
     </span>
     <span class='ocr_line' id='line_1_17' title="bbox 70 1840 753 1929; baseline -0.003 -21"><span class='ocrx_word' id='word_1_101' title='bbox 70 1846 147 1928; x_wconf 82' lang='lat' dir='ltr'>Quae</span> <span class='ocrx_word' id='word_1_102' title='bbox 160 1847 246 1929; x_wconf 85' lang='lat' dir='ltr'>prins</span> <span class='ocrx_word' id='word_1_103' title='bbox 257 1840 402 1926; x_wconf 83' lang='lat' dir='ltr'>incipiam</span> <span class='ocrx_word' id='word_1_104' title='bbox 415 1847 491 1909; x_wconf 86' lang='lat' dir='ltr'>sacri</span> <span class='ocrx_word' id='word_1_105' title='bbox 504 1846 649 1908; x_wconf 86' lang='lat' dir='ltr'>miracula</span> <span class='ocrx_word' id='word_1_106' title='bbox 661 1846 753 1922; x_wconf 85' lang='lat' dir='ltr'>lacti,</span> 
     </span>
     <span class='ocr_line' id='line_1_18' title="bbox 112 1937 837 2021; baseline -0.003 -19"><span class='ocrx_word' id='word_1_107' title='bbox 112 1937 192 2002; x_wconf 90' lang='lat' dir='ltr'>Cum</span> <span class='ocrx_word' id='word_1_108' title='bbox 203 1939 347 2020; x_wconf 86' lang='lat' dir='ltr'>quicquid</span> <span class='ocrx_word' id='word_1_109' title='bbox 358 1939 465 2015; x_wconf 83' lang='lat' dir='ltr'><strong>facias,</strong></span> <span class='ocrx_word' id='word_1_110' title='bbox 485 1940 590 2001; x_wconf 87' lang='lat' dir='ltr'>omnia</span> <span class='ocrx_word' id='word_1_111' title='bbox 599 1940 700 2021; x_wconf 82' lang='lat' dir='ltr'>prima</span> <span class='ocrx_word' id='word_1_112' title='bbox 714 1940 837 2002; x_wconf 84' lang='lat' dir='ltr'>micent.</span> 
     </span>
     <span class='ocr_line' id='line_1_19' title="bbox 68 2032 845 2118; baseline 0 -24"><span class='ocrx_word' id='word_1_113' title='bbox 68 2032 153 2095; x_wconf 89' lang='lat' dir='ltr'>Dum</span> <span class='ocrx_word' id='word_1_114' title='bbox 165 2034 241 2118; x_wconf 81' lang='lat' dir='ltr'>fugit</span> <span class='ocrx_word' id='word_1_115' title='bbox 253 2036 291 2094; x_wconf 87' lang='lat' dir='ltr'><strong>ad</strong></span> <span class='ocrx_word' id='word_1_116' title='bbox 302 2054 426 2116; x_wconf 84' lang='lat' dir='ltr'>superos</span> <span class='ocrx_word' id='word_1_117' title='bbox 438 2034 571 2094; x_wconf 89' lang='lat' dir='ltr'>humano</span> <span class='ocrx_word' id='word_1_118' title='bbox 583 2033 616 2093; x_wconf 90' lang='lat' dir='ltr'>iu</span> <span class='ocrx_word' id='word_1_119' title='bbox 627 2054 757 2116; x_wconf 83' lang='lat' dir='ltr'>corpore</span> <span class='ocrx_word' id='word_1_120' title='bbox 768 2035 845 2110; x_wconf 80' lang='lat' dir='ltr'>rita,</span> 
     </span>
     <span class='ocr_line' id='line_1_20' title="bbox 106 2126 716 2212; baseline -0.002 -22"><span class='ocrx_word' id='word_1_121' title='bbox 106 2128 154 2190; x_wconf 87' lang='lat' dir='ltr'>Ex</span> <span class='ocrx_word' id='word_1_122' title='bbox 167 2127 265 2191; x_wconf 86' lang='lat' dir='ltr'>oeulis</span> <span class='ocrx_word' id='word_1_123' title='bbox 277 2127 392 2212; x_wconf 81' lang='lat' dir='ltr'>fugiens</span> <span class='ocrx_word' id='word_1_124' title='bbox 403 2127 452 2190; x_wconf 84' lang='lat' dir='ltr'>lux</span> <span class='ocrx_word' id='word_1_125' title='bbox 465 2127 521 2187; x_wconf 88' lang='lat' dir='ltr'>tibi</span> <span class='ocrx_word' id='word_1_126' title='bbox 532 2126 633 2188; x_wconf 81' lang='lat' dir='ltr'>cordis</span> <span class='ocrx_word' id='word_1_127' title='bbox 642 2140 716 2189; x_wconf 87' lang='lat' dir='ltr'>erat.</span> 
     </span>
     <span class='ocr_line' id='line_1_21' title="bbox 69 2219 759 2303; baseline 0 -21"><span class='ocrx_word' id='word_1_128' title='bbox 69 2219 103 2283; x_wconf 89' lang='lat' dir='ltr'>Si</span> <span class='ocrx_word' id='word_1_129' title='bbox 115 2243 213 2286; x_wconf 83' lang='lat' dir='ltr'>caecus</span> <span class='ocrx_word' id='word_1_130' title='bbox 225 2223 322 2298; x_wconf 81' lang='lat' dir='ltr'>venit,</span> <span class='ocrx_word' id='word_1_131' title='bbox 336 2221 433 2302; x_wconf 81' lang='lat' dir='ltr'>rapuit</span> <span class='ocrx_word' id='word_1_132' title='bbox 449 2221 603 2303; x_wconf 82' lang='lat' dir='ltr'><strong>palpando</strong></span> <span class='ocrx_word' id='word_1_133' title='bbox 614 2221 759 2299; x_wconf 84' lang='lat' dir='ltr'>salutem,</span> 
     </span>
     <span class='ocr_line' id='line_1_22' title="bbox 109 2315 709 2396; baseline -0.002 -20"><span class='ocrx_word' id='word_1_134' title='bbox 109 2316 147 2376; x_wconf 89' lang='lat' dir='ltr'>ln</span> <span class='ocrx_word' id='word_1_135' title='bbox 158 2316 269 2377; x_wconf 87' lang='lat' dir='ltr'>mediis</span> <span class='ocrx_word' id='word_1_136' title='bbox 281 2316 413 2376; x_wconf 86' lang='lat' dir='ltr'>tenebris</span> <span class='ocrx_word' id='word_1_137' title='bbox 426 2315 507 2378; x_wconf 82' lang='lat' dir='ltr'>fulsit</span> <span class='ocrx_word' id='word_1_138' title='bbox 519 2329 624 2396; x_wconf 85' lang='lat' dir='ltr'>aperta</span> <span class='ocrx_word' id='word_1_139' title='bbox 636 2316 709 2378; x_wconf 84' lang='lat' dir='ltr'>dies.</span> 
     </span>
     <span class='ocr_line' id='line_1_23' title="bbox 70 2409 766 2492; baseline -0.003 -20"><span class='ocrx_word' id='word_1_140' title='bbox 70 2409 135 2491; x_wconf 83' lang='lat' dir='ltr'>Qui</span> <span class='ocrx_word' id='word_1_141' title='bbox 146 2410 244 2474; x_wconf 84' lang='lat' dir='ltr'>voluit</span> <span class='ocrx_word' id='word_1_142' title='bbox 255 2409 326 2470; x_wconf 82' lang='lat' dir='ltr'>furti</span> <span class='ocrx_word' id='word_1_143' title='bbox 337 2430 438 2472; x_wconf 88' lang='lat' dir='ltr'>causas</span> <span class='ocrx_word' id='word_1_144' title='bbox 451 2423 610 2492; x_wconf 86' lang='lat' dir='ltr'>penetrare</span> <span class='ocrx_word' id='word_1_145' title='bbox 624 2409 766 2484; x_wconf 87' lang='lat' dir='ltr'>latentes,</span> 
     </span>
     <span class='ocr_line' id='line_1_24' title="bbox 109 2503 721 2588; baseline -0.002 -24"><span class='ocrx_word' id='word_1_146' title='bbox 109 2505 154 2566; x_wconf 82' lang='lat' dir='ltr'>&#39;l&#39;e</span> <span class='ocrx_word' id='word_1_147' title='bbox 166 2504 311 2588; x_wconf 84' lang='lat' dir='ltr'>religante</span> <span class='ocrx_word' id='word_1_148' title='bbox 324 2506 424 2581; x_wconf 85' lang='lat' dir='ltr'>sedet,</span> <span class='ocrx_word' id='word_1_149' title='bbox 435 2518 464 2566; x_wconf 88' lang='lat' dir='ltr'>te</span> <span class='ocrx_word' id='word_1_150' title='bbox 475 2516 626 2566; x_wconf 85' lang='lat' dir='ltr'>reserante</span> <span class='ocrx_word' id='word_1_151' title='bbox 640 2503 721 2586; x_wconf 85' lang='lat' dir='ltr'>sugit.</span> 
     </span>
     <span class='ocr_line' id='line_1_25' title="bbox 70 2597 708 2680; baseline -0.003 -21"><span class='ocrx_word' id='word_1_152' title='bbox 70 2597 133 2659; x_wconf 88' lang='lat' dir='ltr'>Fur</span> <span class='ocrx_word' id='word_1_153' title='bbox 143 2600 210 2660; x_wconf 89' lang='lat' dir='ltr'>siue</span> <span class='ocrx_word' id='word_1_154' title='bbox 221 2599 356 2680; x_wconf 83' lang='lat' dir='ltr'>perfectu</span> <span class='ocrx_word' id='word_1_155' title='bbox 368 2611 441 2660; x_wconf 85' lang='lat' dir='ltr'>voto</span> <span class='ocrx_word' id='word_1_156' title='bbox 454 2601 597 2680; x_wconf 86' lang='lat' dir='ltr'>deeeptus</span> <span class='ocrx_word' id='word_1_157' title='bbox 608 2598 708 2672; x_wconf 87' lang='lat' dir='ltr'>inani,</span> 
     </span>
     <span class='ocr_line' id='line_1_26' title="bbox 110 2691 789 2769; baseline -0.001 -16"><span class='ocrx_word' id='word_1_158' title='bbox 110 2691 230 2753; x_wconf 87' lang='lat' dir='ltr'>Omnia</span> <span class='ocrx_word' id='word_1_159' title='bbox 242 2693 414 2769; x_wconf 83' lang='lat' dir='ltr'>restituens,</span> <span class='ocrx_word' id='word_1_160' title='bbox 429 2693 558 2757; x_wconf 85' lang='lat' dir='ltr'>erimina</span> <span class='ocrx_word' id='word_1_161' title='bbox 568 2692 680 2754; x_wconf 83' lang='lat' dir='ltr'>fraudis</span> <span class='ocrx_word' id='word_1_162' title='bbox 691 2691 789 2754; x_wconf 87' lang='lat' dir='ltr'>habet.</span> 
     </span>
     <span class='ocr_line' id='line_1_27' title="bbox 68 2784 857 2869; baseline -0.001 -20"><span class='ocrx_word' id='word_1_163' title='bbox 68 2784 150 2849; x_wconf 84' lang='lat' dir='ltr'>Nam</span> <span class='ocrx_word' id='word_1_164' title='bbox 163 2787 261 2848; x_wconf 88' lang='lat' dir='ltr'>semel</span> <span class='ocrx_word' id='word_1_165' title='bbox 273 2800 305 2848; x_wconf 86' lang='lat' dir='ltr'>ut</span> <span class='ocrx_word' id='word_1_166' title='bbox 317 2788 425 2849; x_wconf 89' lang='lat' dir='ltr'>molles</span> <span class='ocrx_word' id='word_1_167' title='bbox 438 2801 612 2869; x_wconf 81' lang='lat' dir='ltr'>carpserunt</span> <span class='ocrx_word' id='word_1_168' title='bbox 626 2786 759 2869; x_wconf 84' lang='lat' dir='ltr'>palmitis</span> <span class='ocrx_word' id='word_1_169' title='bbox 770 2805 857 2864; x_wconf 77' lang='lat' dir='ltr'>uvas,</span> 
     </span>
     <span class='ocr_line' id='line_1_28' title="bbox 108 2881 744 2967; baseline -0.003 -25"><span class='ocrx_word' id='word_1_170' title='bbox 108 2881 185 2943; x_wconf 90' lang='lat' dir='ltr'>Nou</span> <span class='ocrx_word' id='word_1_171' title='bbox 200 2882 317 2944; x_wconf 84' lang='lat' dir='ltr'>valuere</span> <span class='ocrx_word' id='word_1_172' title='bbox 328 2884 434 2967; x_wconf 83' lang='lat' dir='ltr'>gradus</span> <span class='ocrx_word' id='word_1_173' title='bbox 447 2884 517 2944; x_wconf 88' lang='lat' dir='ltr'>iude</span> <span class='ocrx_word' id='word_1_174' title='bbox 530 2882 642 2944; x_wconf 85' lang='lat' dir='ltr'>referre</span> <span class='ocrx_word' id='word_1_175' title='bbox 656 2882 744 2942; x_wconf 81' lang='lat' dir='ltr'>foras.</span> 
     </span>
     <span class='ocr_line' id='line_1_29' title="bbox 67 2974 843 3060; baseline -0.003 -24"><span class='ocrx_word' id='word_1_176' title='bbox 67 2974 99 3036; x_wconf 89' lang='lat' dir='ltr'>N</span> <span class='ocrx_word' id='word_1_177' title='bbox 101 2997 136 3038; x_wconf 86' lang='lat' dir='ltr'>ee</span> <span class='ocrx_word' id='word_1_178' title='bbox 145 2975 248 3058; x_wconf 80' lang='lat' dir='ltr'>potuit</span> <span class='ocrx_word' id='word_1_179' title='bbox 261 2990 364 3058; x_wconf 88' lang='lat' dir='ltr'>raptor</span> <span class='ocrx_word' id='word_1_180' title='bbox 377 2978 504 3060; x_wconf 82' lang='lat' dir='ltr'>pedibus</span> <span class='ocrx_word' id='word_1_181' title='bbox 514 2978 679 3038; x_wconf 82' lang='lat' dir='ltr'>subducere</span> <span class='ocrx_word' id='word_1_182' title='bbox 692 2975 843 3056; x_wconf 69' lang='lat' dir='ltr'>predam,</span> 
     </span>
     <span class='ocr_line' id='line_1_30' title="bbox 106 3069 729 3153; baseline 0 -23"><span class='ocrx_word' id='word_1_183' title='bbox 106 3069 241 3152; x_wconf 87' lang='lat' dir='ltr'>Raptori</span> <span class='ocrx_word' id='word_1_184' title='bbox 254 3071 375 3132; x_wconf 82' lang='lat' dir='ltr'>abduxit</span> <span class='ocrx_word' id='word_1_185' title='bbox 384 3073 437 3133; x_wconf 85' lang='lat' dir='ltr'>sed</span> <span class='ocrx_word' id='word_1_186' title='bbox 449 3092 502 3134; x_wconf 87' lang='lat' dir='ltr'>sua</span> <span class='ocrx_word' id='word_1_187' title='bbox 514 3072 617 3153; x_wconf 83' lang='lat' dir='ltr'>praeda</span> <span class='ocrx_word' id='word_1_188' title='bbox 628 3072 729 3153; x_wconf 81' lang='lat' dir='ltr'>pedes.</span> 
     </span>
     <span class='ocr_line' id='line_1_31' title="bbox 67 3163 765 3252; baseline 0 -28"><span class='ocrx_word' id='word_1_189' title='bbox 67 3163 149 3228; x_wconf 86' lang='lat' dir='ltr'>Ecce</span> <span class='ocrx_word' id='word_1_190' title='bbox 163 3164 224 3227; x_wconf 83' lang='lat' dir='ltr'>suis</span> <span class='ocrx_word' id='word_1_191' title='bbox 236 3164 350 3246; x_wconf 84' lang='lat' dir='ltr'>laqueis</span> <span class='ocrx_word' id='word_1_192' title='bbox 361 3168 452 3252; x_wconf 82' lang='lat' dir='ltr'>coepit</span> <span class='ocrx_word' id='word_1_193' title='bbox 462 3168 555 3231; x_wconf 89' lang='lat' dir='ltr'>miser</span> <span class='ocrx_word' id='word_1_194' title='bbox 568 3186 631 3230; x_wconf 85' lang='lat' dir='ltr'>esse</span> <span class='ocrx_word' id='word_1_195' title='bbox 643 3164 765 3247; x_wconf 78' lang='lat' dir='ltr'>ligatus:</span> 
     </span>
    </p>
   </div>
   <div class='ocr_carea' id='block_1_2' title="bbox 0 0 1120 3838">
    <p class='ocr_par' dir='ltr' id='par_1_2' title="bbox 0 0 1120 3838">
     <span class='ocr_line' id='line_1_32' title="bbox 0 0 1120 3838; baseline 0 0"><span class='ocrx_word' id='word_1_196' title='bbox 0 0 1120 3838; x_wconf 95' lang='lat' dir='ltr'> </span> 
     </span>
    </p>
   </div>
  </div>
 </body>
</html>
