2218 3862
265 339 506 392 POEMATUM
522 336 650 390 monn
666 337 754 391 vrri.
900 348 958 412 ²97

168 428 247 490 Cum
261 430 348 491 labor
359 429 453 490 doctis
466 429 520 503 sit,
535 440 567 488 ut
583 428 639 488 ista
650 442 797 512 pangant,

165 522 286 607 Dogma
298 543 355 585 nec
368 522 523 600 quisquam
537 523 688 602 sapienter
699 523 806 602 intrat,

166 615 207 677 Et
218 619 286 678 satis
298 628 413 678 constet
426 619 566 676 resonare
577 615 680 696 paucis

289 707 390 769 Metro
402 709 509 789 poetis.

165 802 239 864 Non
253 803 317 864 leve
331 815 374 863 est
387 814 482 862 uuutae
495 815 557 864 rate
571 804 780 884 transfretare,

165 895 297 959 Vincere
310 909 359 956 aut
376 908 489 956 vastum
501 896 621 980 pelagus
634 911 753 976 natatu,

167 989 228 1050 Vix
240 988 410 1071 procelloso
423 1001 562 1068 repetunt
574 991 628 1051 sub
639 1005 738 1053 austro

290 1079 424 1144 Carbasa
437 1093 570 1161 portum.

163 1174 303 1235 Arduum
316 1175 404 1236 uobis
418 1175 493 1250 iter,
506 1187 535 1235 et
546 1175 749 1256 profundum,

166 1266 240 1347 Quo
253 1269 337 1350 jubes
349 1267 433 1349 pergi
447 1280 548 1328 tamen
562 1267 613 1328 ibo
627 1270 722 1346 votis,

165 1358 200 1422 Si
213 1362 313 1422 miuus
323 1381 445 1441 possum
461 1361 586 1442 pedibus
598 1362 695 1438 viare,

288 1453 397 1515 Ducor
411 1473 525 1514 amore.

164 1545 323 1621 Praestitit,
337 1561 457 1627 postor,
469 1561 519 1607 tou
531 1548 593 1628 jam
607 1547 759 1630 voluutas,

165 1637 312 1702 Codicum
325 1641 438 1700 sarsum
450 1640 567 1700 tumido
581 1641 745 1717 cothumo‚

165 1730 328 1812 Quemque
342 1746 502 1814 paupertas
516 1753 583 1794 mea
595 1735 643 1794 vix
654 1735 772 1797 valebat
786 1745 787 1750 ’

287 1824 427 1908 Tangere
441 1845 537 1885 sensu.

166 1915 269 2000 Regiis
281 1917 379 1978 verbis
391 1916 513 1977 humitis
525 1931 688 1999 repugnat,

162 2009 282 2070 Divites
295 2029 394 2070 versus
408 2009 493 2090 inopi
506 2029 663 2085 recusans,

163 2101 206 2162 Et
217 2103 293 2163 mihi
307 2101 419 2182 Mopso
433 2121 566 2162 reserare
579 2102 703 2180 uolens,

287 2193 388 2256 Docta
400 2194 549 2275 sophistis.

163 2286 329 2368 Disputaus
343 2287 470 2347 multum
483 2287 616 2347 variante
629 2286 731 2362 melo,

165 2379 302 2459 Quaeque
312 2392 379 2440 sunt
391 2379 518 2463 rythmis
530 2379 578 2439 vel
590 2380 687 2441 amieo
700 2380 821 2455 metris,

165 2471 309 2555 Sapphioi
322 2485 465 2552 quantum
479 2471 572 2533 Tomi
584 2492 654 2535 arvo
666 2475 830 2548 adornent,

288 2564 396 2627 Dulcis
409 2566 532 2646 epodus.

164 2655 280 2719 Multus
290 2672 446 2720 auctorum
459 2677 602 2718 uumerus
614 2657 759 2736 habetur,

165 2750 258 2812 Plura
268 2754 420 2814 dicentum
433 2750 559 2812 modulo
573 2770 703 2826 canoro,

166 2846 245 2927 Quae
255 2847 358 2909 volens
369 2847 425 2907 isto
438 2865 610 2907 memorare
623 2857 738 2921 metro,

289 2938 426 3002 Nomina
439 2941 529 3022 fingo.

166 3030 300 3095 Maxime
314 3033 365 3113 qui
377 3055 459 3098 nunc
471 3031 618 3096 resolutus
630 3043 710 3106 arte,

166 3126 297 3208 Postque
309 3129 461 3192 bisdenos
473 3129 582 3210 loquor
594 3127 796 3199 isemerinos,
