2222 3844
320 300 371 386 V.
396 299 452 385 H.
485 299 883 390 FORTUNATI

487 553 561 626 DE
596 553 730 628 VITA

280 804 550 916 SANCTI
601 805 931 924 MARTINI

428 1159 557 1215 crass
588 1163 798 1230 Quassus.

164 1328 256 1416 Posr
268 1372 352 1415 mare
365 1351 556 1437 fluctivagum
570 1367 710 1437 repetens
723 1356 761 1415 ad
774 1354 877 1416 littora
888 1367 1022 1437 portum

163 1447 309 1511 Floribus
322 1449 501 1524 albicomis,
519 1449 592 1510 dum
604 1447 668 1509 lilia
681 1448 793 1530 pollice
807 1470 916 1532 carpo,

163 1544 277 1630 Ungue
289 1545 393 1606 recido
409 1564 506 1619 rosas,
522 1556 552 1604 et
565 1564 620 1625 per
630 1543 756 1606 violaria
769 1563 858 1606 curro

164 1638 259 1703 Ruris
272 1638 442 1701 amoeniferi
455 1637 554 1702 varios
564 1640 637 1699 situs
649 1641 728 1700 iuter
739 1640 858 1702 odores.

165 1732 296 1816 Obripit
308 1733 379 1793 inde
392 1751 504 1813 sopor,
518 1732 611 1794 sessus
623 1754 742 1813 quoque
754 1733 833 1796 colla
846 1733 984 1811 reclino,

162 1826 314 1908 Fultaque
325 1826 480 1910 gramineo
491 1828 648 1909 jacuerunt
658 1827 799 1888 membra
810 1828 944 1912 grabato.

165 1921 228 1984 Sed
242 1923 320 1983 redit
332 1942 401 1984 cccc
415 1921 496 1997 dics,
511 1923 615 2003 etjam
629 1920 767 1998 lucescit,
779 1924 913 1984 eundum
927 1935 997 2002 est,

160 2015 248 2079 Dum
262 2017 412 2077 matutino
425 2037 481 2077 uos
496 2036 549 2077 ore
563 2015 671 2077 salutat
683 2016 835 2094 hirundo,

162 2111 211 2175 Ac
224 2132 255 2173 se
268 2123 358 2173 nocte
370 2111 455 2172 brevi
469 2109 598 2172 celerata
612 2109 787 2191 crepuscula
802 2123 947 2193 rumpunt
960 2133 969 2170 r

165 2204 240 2287 Quo
247 2220 374 2289 torpore
385 2218 488 2267 natent
499 2205 634 2286 quamvis
646 2225 715 2266 mea
726 2204 859 2282 lumina,
873 2225 1016 2290 surgam,

162 2299 377 2387 Evigilansque
391 2301 486 2364 oculis
499 2301 651 2384 detergam
665 2299 776 2382 pollice
789 2320 952 2378 somnum,

163 2395 207 2459 Et
219 2397 301 2478 quod
316 2397 374 2458 iter
386 2395 483 2477 repeti
495 2393 603 2457 Gallus
614 2408 720 2470 vocat,
735 2396 788 2457 ibo
805 2394 943 2472 sodales,

162 2489 319 2554 Fluctibus
331 2492 363 2550 in
378 2490 484 2550 trifidis
496 2489 614 2568 ignarus
627 2501 717 2549 nauta
728 2488 850 2551 libellis.

163 2585 211 2648 Ac
223 2585 304 2648 velut
314 2584 467 2667 ambiguas
479 2584 559 2644 inter
572 2580 782 2668 Symplegadis
793 2584 887 2646 undas

162 2677 263 2754 lonii,
279 2675 392 2761 abigei,
407 2675 562 2756 lllaleique
576 2697 702 2757 sequace
715 2678 868 2759 procella,

163 2773 221 2836 Me
233 2773 379 2835 tamenin
392 2771 504 2833 bibulis
516 2791 555 2831 nc
568 2784 717 2856 mergeret
727 2786 833 2836 auctor
845 2770 961 2847 arenis,

165 2866 293 2930 Summa
305 2865 481 2951 gubernavit
494 2863 621 2926 Martini
631 2866 691 2926 vita
703 2867 843 2947 patroni,

166 2962 271 3044 Quam
282 2963 365 3023 nitor
377 2961 490 3024 scabris
502 2960 641 3045 indignus
651 2960 786 3042 scalpere
799 2959 915 3036 verbis,

166 3056 308 3120 Rusticus
321 3070 384 3118 arte
397 3056 479 3118 rudis
491 3068 608 3118 tentans
621 3056 754 3116 formare
766 3055 901 3131 monile,

165 3150 263 3238 Quod
278 3174 335 3218 uec
346 3152 420 3215 lima
433 3150 528 3235 polit,
542 3170 641 3232 neque
652 3148 779 3214 malleus
791 3150 874 3213 addit
884 3167 1031 3227 acumen,
