2230 3838
144 355 208 406 ,roo
410 347 445 421 Υ.
463 348 498 402 Η.
520 346 771 401 rottrUNArr

188 437 236 499 Ut
246 437 369 522 populis
383 439 494 499 tribuat
507 440 588 518 quod
602 438 654 520 pia
667 450 736 500 vota
746 452 861 522 rogant.

147 532 262 596 Extulit
274 533 352 594 hanc
363 529 490 594 Faustus
501 533 610 594 devoto
626 535 718 594 corde
732 535 887 609 sacerdos,

189 626 335 689 Reddidit
348 639 378 689 et
391 627 518 689 domino
531 647 679 709 prospera
691 628 772 689 dona
785 648 848 689 suo.

146 794 180 848 V.
197 793 749 857 11tuasntcatttsuttcrtrttattrttt1‚
764 794 826 848 UBI
840 795 1055 852 Panaenum

278 887 421 932 unsrrvrr,
440 886 573 926 nocturn
591 886 739 925 onnoorro
755 885 897 927 nrrscoro.

148 993 224 1106 Qol
236 1018 367 1082 celerare
380 1037 468 1099 paras
480 1017 553 1095 iter,
567 1019 627 1082 huc
639 1017 763 1081 deflecte
777 1019 891 1096 viator,

189 1111 253 1176 Hic
264 1113 347 1175 locus
359 1124 497 1174 orantem
511 1113 624 1175 cautius
637 1105 683 1173 ire
694 1114 792 1175 docet.

146 1205 226 1268 Exul
239 1207 322 1268 enim
333 1206 438 1283 terris,
453 1206 521 1268 coeli
534 1207 651 1284 incola,
666 1227 746 1289 saepe
756 1207 890 1286 solebat,

190 1298 317 1364 Clausus
329 1298 481 1362 Martinus
491 1301 564 1364 hinc
574 1301 694 1384 aperire
706 1301 807 1383 polos.

145 1391 234 1458 'dEde
245 1397 299 1458 suh
311 1397 366 1458 hac
377 1395 514 1458 habitans
526 1397 621 1458 eremi
633 1408 747 1459 secreta
759 1395 899 1472 tenebat,

190 1488 252 1552 Per
263 1491 382 1552 medios
393 1490 525 1573 populos
537 1491 717 1553 anachoreta
729 1503 849 1573 potens.

150 1581 235 1661 Hic,
249 1605 282 1646 se
290 1586 420 1661 nudato,
436 1585 536 1648 tunica
548 1585 666 1648 vestivit
679 1601 824 1670 egenum,

187 1676 273 1740 Dum
286 1679 360 1762 tegit
368 1677 534 1762 algentem,
550 1679 619 1763 plus
631 1679 708 1743 calet
720 1679 789 1762 ipse
797 1679 868 1740 tide.

145 1771 228 1835 Tum
241 1772 294 1835 vili
306 1772 408 1835 tunica
419 1773 543 1836 vestitur
555 1787 584 1836 et
595 1773 663 1855 ipse
672 1775 826 1850 sacerdos,

189 1866 397 1949 Processitque
411 1868 498 1950 inopi
509 1869 640 1953 tegmine
653 1888 788 1930 summus
799 1867 911 1930 honor.⁴

149 1961 215 2045 Qui
226 1975 328 2025 tamen
339 1962 440 2024 altaris
450 1983 534 2026 sacra
547 1964 619 2024 dum
631 1962 778 2049 mysteria
785 1973 911 2040 tractat,

189 2053 344 2141 Signando
355 2057 482 2120 calicem
493 2059 577 2142 signa
588 2058 676 2120 beata
687 2057 779 2120 dedit.

148 2149 295 2233 Namque
308 2151 367 2212 viri
380 2172 465 2215 sacro
480 2154 517 2214 de
530 2153 643 2214 vertice
655 2150 780 2213 ilamma
792 2150 928 2230 refulsit,

172 2251 175 2256 '
188 2245 271 2331 Ignis
283 2259 312 2308 et
324 2247 447 2310 innocui
458 2247 550 2332 surgit
564 2247 601 2307 ad
613 2260 690 2307 astra
703 2246 809 2331 globus
821 2271 829 2308 ε

147 2339 195 2404 Ac
204 2341 347 2404 brevibus
360 2341 504 2419 manicis,
519 2341 609 2403 sieret
621 2362 661 2402 ne
674 2342 785 2422 injuria
796 2342 919 2419 dextrae,

188 2433 342 2498 'l'exeront
352 2457 480 2520 gemmae
493 2457 552 2517 qua
568 2456 638 2500 caro
652 2436 732 2497 nuda
744 2435 809 2496 suit.

146 2529 279 2592 Brachia
291 2528 442 2591 nobilium
455 2530 590 2613 lapidum
601 2530 722 2614 fulgore·
730 2541 906 2606 coruscant,

187 2621 284 2704 Inque
297 2622 366 2684 loco
381 2624 488 2687 tunicae
501 2624 627 2707 pulchra
640 2625 811 2708 smaragdus
823 2637 896 2686 erat.

147 2716 253 2799 Quam
262 2717 340 2778 hene
353 2730 519 2794 mercatur,
532 2719 669 2800 quidum
682 2719 800 2782 vestivit
813 2739 962 2803 egenum,

187 2809 336 2894 Tegmine
348 2833 406 2895 pro
419 2811 527 2878 tunicae
539 2814 661 2878 brachia
674 2835 794 2899 gemma
804 2812 889 2897 tegit!

147 2904 198 2968 Tu
211 2927 331 2987 quoque
345 2907 396 2987 qui
410 2907 497 2970 celsis
508 2909 624 2971 habitas
638 2908 771 2970 Martine
786 2918 943 2991 precator,

190 2997 254 3064 Pro
266 2999 435 3063 Fortunato
446 3002 492 3064 ser
504 3004 557 3085 pia
567 3004 659 3067 verba
671 3001 753 3065 Deo.

148 3093 291 3178 Imperiis
304 3115 410 3178 parere
422 3096 481 3158 tuis
493 3097 563 3179 pie,
578 3117 645 3160 care
662 3094 817 3179 Gregori,

192 3187 351 3276 Quantum
366 3188 944 3278 possevatet,p1usmihivelteplacet
