<?xml version="1.0" encoding="UTF-8"?>
<!DOCTYPE html PUBLIC "-//W3C//DTD XHTML 1.0 Transitional//EN"
    "http://www.w3.org/TR/xhtml1/DTD/xhtml1-transitional.dtd">
<html xmlns="http://www.w3.org/1999/xhtml" xml:lang="en" lang="en">
 <head>
  <title>
</title>
<meta http-equiv="Content-Type" content="text/html;charset=utf-8" />
  <meta name='ocr-system' content='tesseract 3.04.00' />
  <meta name='ocr-capabilities' content='ocr_page ocr_carea ocr_par ocr_line ocrx_word'/>
</head>
<body>
  <div class='ocr_page' id='page_1' title='image "./venantiihonorii00unkngoog_0267.png"; bbox 0 0 2222 3852; ppageno 0'>
   <div class='ocr_carea' id='block_1_1' title="bbox 49 335 937 2480">
    <p class='ocr_par' dir='ltr' id='par_1_1' title="bbox 49 335 937 2480">
     <span class='ocr_line' id='line_1_1' title="bbox 270 335 937 410; baseline 0.016 -20"><span class='ocrx_word' id='word_1_1' title='bbox 270 335 507 396; x_wconf 66' lang='lat' dir='ltr'><strong>potueruut</strong></span> <span class='ocrx_word' id='word_1_2' title='bbox 528 337 654 394; x_wconf 77' lang='lat' dir='ltr'><strong>nasu</strong></span> <span class='ocrx_word' id='word_1_3' title='bbox 670 341 723 394; x_wconf 76' lang='lat' dir='ltr'><strong>vr.</strong></span> <span class='ocrx_word' id='word_1_4' title='bbox 878 337 937 410; x_wconf 67' lang='lat' dir='ltr'><strong>atr</strong></span> 
     </span>
     <span class='ocr_line' id='line_1_2' title="bbox 49 432 789 521; baseline -0.001 -20"><span class='ocrx_word' id='word_1_5' title='bbox 49 437 175 501; x_wconf 71' lang='lat' dir='ltr'><strong>Tanos</strong></span> <span class='ocrx_word' id='word_1_6' title='bbox 187 451 275 497; x_wconf 83' lang='lat' dir='ltr'><strong>amor</strong></span> <span class='ocrx_word' id='word_1_7' title='bbox 283 432 408 514; x_wconf 81' lang='lat' dir='ltr'><strong>populi,</strong></span> <span class='ocrx_word' id='word_1_8' title='bbox 423 433 545 495; x_wconf 75' lang='lat' dir='ltr'>solertia</span> <span class='ocrx_word' id='word_1_9' title='bbox 554 448 636 496; x_wconf 83' lang='lat' dir='ltr'><strong>tanta</strong></span> <span class='ocrx_word' id='word_1_10' title='bbox 649 437 789 521; x_wconf 81' lang='lat' dir='ltr'><strong>regendi,</strong></span> 
     </span>
     <span class='ocr_line' id='line_1_3' title="bbox 95 528 741 611; baseline 0.002 -19"><span class='ocrx_word' id='word_1_11' title='bbox 95 531 173 592; x_wconf 86' lang='lat' dir='ltr'><strong>Hoc</strong></span> <span class='ocrx_word' id='word_1_12' title='bbox 183 541 216 589; x_wconf 90' lang='lat' dir='ltr'><strong>ut</strong></span> <span class='ocrx_word' id='word_1_13' title='bbox 225 547 317 594; x_wconf 84' lang='lat' dir='ltr'><strong>nemo</strong></span> <span class='ocrx_word' id='word_1_14' title='bbox 330 528 433 588; x_wconf 86' lang='lat' dir='ltr'><strong>voleus</strong></span> <span class='ocrx_word' id='word_1_15' title='bbox 446 529 640 611; x_wconf 81' lang='lat' dir='ltr'><strong>subripuisset</strong></span> <span class='ocrx_word' id='word_1_16' title='bbox 655 537 741 593; x_wconf 86' lang='lat' dir='ltr'><strong>omis.</strong></span> 
     </span>
     <span class='ocr_line' id='line_1_4' title="bbox 50 619 771 708; baseline -0.003 -19"><span class='ocrx_word' id='word_1_17' title='bbox 50 625 155 689; x_wconf 86' lang='lat' dir='ltr'><strong>Nunc</strong></span> <span class='ocrx_word' id='word_1_18' title='bbox 167 623 258 684; x_wconf 84' lang='lat' dir='ltr'><strong>etiam</strong></span> <span class='ocrx_word' id='word_1_19' title='bbox 273 640 381 703; x_wconf 75' lang='lat' dir='ltr'><strong>magno</strong></span> <span class='ocrx_word' id='word_1_20' title='bbox 396 619 545 704; x_wconf 80' lang='lat' dir='ltr'><strong>Sigeberti</strong></span> <span class='ocrx_word' id='word_1_21' title='bbox 561 624 637 708; x_wconf 82' lang='lat' dir='ltr'><strong>regis</strong></span> <span class='ocrx_word' id='word_1_22' title='bbox 650 645 771 704; x_wconf 76' lang='lat' dir='ltr'><strong>amore,</strong></span> 
     </span>
     <span class='ocr_line' id='line_1_5' title="bbox 96 715 675 798; baseline -0.002 -18"><span class='ocrx_word' id='word_1_23' title='bbox 96 718 180 798; x_wconf 73' lang='lat' dir='ltr'><strong>Suut</strong></span> <span class='ocrx_word' id='word_1_24' title='bbox 193 717 261 777; x_wconf 85' lang='lat' dir='ltr'><strong>data</strong></span> <span class='ocrx_word' id='word_1_25' title='bbox 271 715 398 777; x_wconf 86' lang='lat' dir='ltr'><strong>servitiis</strong></span> <span class='ocrx_word' id='word_1_26' title='bbox 411 715 505 777; x_wconf 87' lang='lat' dir='ltr'><strong>libera</strong></span> <span class='ocrx_word' id='word_1_27' title='bbox 518 720 597 778; x_wconf 84' lang='lat' dir='ltr'><strong>dona</strong></span> <span class='ocrx_word' id='word_1_28' title='bbox 608 720 675 779; x_wconf 88' lang='lat' dir='ltr'><strong>tuis.</strong></span> 
     </span>
     <span class='ocr_line' id='line_1_6' title="bbox 52 808 741 894; baseline -0.001 -18"><span class='ocrx_word' id='word_1_29' title='bbox 52 813 156 875; x_wconf 69' lang='lat' dir='ltr'><strong>tussit</strong></span> <span class='ocrx_word' id='word_1_30' title='bbox 167 822 197 870; x_wconf 87' lang='lat' dir='ltr'><strong>et</strong></span> <span class='ocrx_word' id='word_1_31' title='bbox 207 808 340 892; x_wconf 80' lang='lat' dir='ltr'><strong>egregios</strong></span> <span class='ocrx_word' id='word_1_32' title='bbox 351 808 429 870; x_wconf 85' lang='lat' dir='ltr'><strong>inter</strong></span> <span class='ocrx_word' id='word_1_33' title='bbox 443 812 573 874; x_wconf 89' lang='lat' dir='ltr'><strong>residere</strong></span> <span class='ocrx_word' id='word_1_34' title='bbox 587 825 741 894; x_wconf 87' lang='lat' dir='ltr'><strong>potentes,</strong></span> 
     </span>
     <span class='ocr_line' id='line_1_7' title="bbox 97 903 717 989; baseline 0.005 -23"><span class='ocrx_word' id='word_1_35' title='bbox 97 903 274 970; x_wconf 80' lang='lat' dir='ltr'>Convivam</span> <span class='ocrx_word' id='word_1_36' title='bbox 287 903 414 963; x_wconf 83' lang='lat' dir='ltr'><strong>reddens</strong></span> <span class='ocrx_word' id='word_1_37' title='bbox 426 904 603 984; x_wconf 81' lang='lat' dir='ltr'><strong>proficiente</strong></span> <span class='ocrx_word' id='word_1_38' title='bbox 615 907 717 989; x_wconf 82' lang='lat' dir='ltr'><strong>gradu.</strong></span> 
     </span>
     <span class='ocr_line' id='line_1_8' title="bbox 52 994 782 1082; baseline 0.003 -22"><span class='ocrx_word' id='word_1_39' title='bbox 52 1001 124 1063; x_wconf 79' lang='lat' dir='ltr'><strong>Rex</strong></span> <span class='ocrx_word' id='word_1_40' title='bbox 135 997 241 1080; x_wconf 91' lang='lat' dir='ltr'><strong>potior</strong></span> <span class='ocrx_word' id='word_1_41' title='bbox 253 994 376 1075; x_wconf 77' lang='lat' dir='ltr'><strong>reliquis</strong></span> <span class='ocrx_word' id='word_1_42' title='bbox 390 997 498 1058; x_wconf 85' lang='lat' dir='ltr'><strong>merito</strong></span> <span class='ocrx_word' id='word_1_43' title='bbox 511 998 638 1060; x_wconf 88' lang='lat' dir='ltr'><strong>meliora</strong></span> <span class='ocrx_word' id='word_1_44' title='bbox 651 1001 782 1082; x_wconf 85' lang='lat' dir='ltr'><strong>paravit,</strong></span> 
     </span>
     <span class='ocr_line' id='line_1_9' title="bbox 96 1089 801 1170; baseline 0.01 -18"><span class='ocrx_word' id='word_1_45' title='bbox 96 1093 142 1155; x_wconf 88' lang='lat' dir='ltr'><strong>Et</strong></span> <span class='ocrx_word' id='word_1_46' title='bbox 155 1090 238 1170; x_wconf 88' lang='lat' dir='ltr'><strong>quod</strong></span> <span class='ocrx_word' id='word_1_47' title='bbox 251 1090 344 1169; x_wconf 85' lang='lat' dir='ltr'><strong>majus</strong></span> <span class='ocrx_word' id='word_1_48' title='bbox 354 1089 462 1166; x_wconf 85' lang='lat' dir='ltr'><strong>habet,</strong></span> <span class='ocrx_word' id='word_1_49' title='bbox 473 1091 532 1154; x_wconf 84' lang='lat' dir='ltr'><strong>hoc</strong></span> <span class='ocrx_word' id='word_1_50' title='bbox 544 1104 594 1153; x_wconf 84' lang='lat' dir='ltr'><strong>tua</strong></span> <span class='ocrx_word' id='word_1_51' title='bbox 607 1113 693 1156; x_wconf 82' lang='lat' dir='ltr'><strong>causa</strong></span> <span class='ocrx_word' id='word_1_52' title='bbox 704 1096 801 1159; x_wconf 87' lang='lat' dir='ltr'><strong>docet.</strong></span> 
     </span>
     <span class='ocr_line' id='line_1_10' title="bbox 60 1182 816 1266; baseline -0.005 -15"><span class='ocrx_word' id='word_1_53' title='bbox 60 1186 112 1251; x_wconf 80' lang='lat' dir='ltr'><strong>sic</strong></span> <span class='ocrx_word' id='word_1_54' title='bbox 124 1201 195 1246; x_wconf 90' lang='lat' dir='ltr'><strong>tuus</strong></span> <span class='ocrx_word' id='word_1_55' title='bbox 209 1184 283 1243; x_wconf 88' lang='lat' dir='ltr'><strong>ordo</strong></span> <span class='ocrx_word' id='word_1_56' title='bbox 295 1182 351 1242; x_wconf 82' lang='lat' dir='ltr'><strong>tuit</strong></span> <span class='ocrx_word' id='word_1_57' title='bbox 363 1203 484 1265; x_wconf 79' lang='lat' dir='ltr'><strong>semper</strong></span> <span class='ocrx_word' id='word_1_58' title='bbox 494 1187 609 1266; x_wconf 84' lang='lat' dir='ltr'><strong>majora</strong></span> <span class='ocrx_word' id='word_1_59' title='bbox 622 1189 749 1264; x_wconf 80' lang='lat' dir='ltr'><strong>mereri,</strong></span> <span class='ocrx_word' id='word_1_60' title='bbox 812 1230 816 1234; x_wconf 84' lang='grc'><strong>-</strong></span> 
     </span>
     <span class='ocr_line' id='line_1_11' title="bbox 98 1277 835 1358; baseline 0.009 -19"><span class='ocrx_word' id='word_1_61' title='bbox 98 1279 236 1358; x_wconf 84' lang='lat' dir='ltr'><strong>Vitaque</strong></span> <span class='ocrx_word' id='word_1_62' title='bbox 249 1296 340 1355; x_wconf 89' lang='lat' dir='ltr'><strong>quam</strong></span> <span class='ocrx_word' id='word_1_63' title='bbox 351 1277 469 1351; x_wconf 83' lang='lat' dir='ltr'><strong>senior,</strong></span> <span class='ocrx_word' id='word_1_64' title='bbox 483 1289 545 1340; x_wconf 82' lang='lat' dir='ltr'><strong>tam</strong></span> <span class='ocrx_word' id='word_1_65' title='bbox 558 1280 613 1340; x_wconf 88' lang='lat' dir='ltr'><strong>tihi</strong></span> <span class='ocrx_word' id='word_1_66' title='bbox 626 1281 718 1342; x_wconf 86' lang='lat' dir='ltr'><strong>erevit</strong></span> <span class='ocrx_word' id='word_1_67' title='bbox 728 1283 835 1347; x_wconf 87' lang='lat' dir='ltr'><strong>honor.</strong></span> 
     </span>
     <span class='ocr_line' id='line_1_12' title="bbox 60 1369 721 1454; baseline 0 -20"><span class='ocrx_word' id='word_1_68' title='bbox 60 1374 142 1454; x_wconf 81' lang='lat' dir='ltr'><strong>Quae</strong></span> <span class='ocrx_word' id='word_1_69' title='bbox 154 1370 245 1432; x_wconf 85' lang='lat' dir='ltr'><strong>suerit</strong></span> <span class='ocrx_word' id='word_1_70' title='bbox 255 1369 346 1430; x_wconf 81' lang='lat' dir='ltr'><strong>virtus</strong></span> <span class='ocrx_word' id='word_1_71' title='bbox 360 1370 450 1430; x_wconf 89' lang='lat' dir='ltr'><strong>tristis</strong></span> <span class='ocrx_word' id='word_1_72' title='bbox 465 1369 593 1434; x_wconf 75' lang='lat' dir='ltr'><strong>Saxonis</strong></span> <span class='ocrx_word' id='word_1_73' title='bbox 606 1388 721 1451; x_wconf 79' lang='lat' dir='ltr'><strong>cantat,</strong></span> 
     </span>
     <span class='ocr_line' id='line_1_13' title="bbox 101 1464 759 1530; baseline 0.005 -3"><span class='ocrx_word' id='word_1_74' title='bbox 101 1467 183 1528; x_wconf 83' lang='lat' dir='ltr'><strong>Laus</strong></span> <span class='ocrx_word' id='word_1_75' title='bbox 196 1477 239 1526; x_wconf 87' lang='lat' dir='ltr'><strong>est</strong></span> <span class='ocrx_word' id='word_1_76' title='bbox 249 1483 331 1525; x_wconf 83' lang='lat' dir='ltr'><strong>arma</strong></span> <span class='ocrx_word' id='word_1_77' title='bbox 342 1465 418 1525; x_wconf 89' lang='lat' dir='ltr'><strong>truci</strong></span> <span class='ocrx_word' id='word_1_78' title='bbox 429 1485 491 1525; x_wconf 91' lang='lat' dir='ltr'><strong>non</strong></span> <span class='ocrx_word' id='word_1_79' title='bbox 503 1466 636 1528; x_wconf 80' lang='lat' dir='ltr'><strong>timuisse</strong></span> <span class='ocrx_word' id='word_1_80' title='bbox 648 1469 722 1530; x_wconf 88' lang='lat' dir='ltr'><strong>seui.</strong></span> <span class='ocrx_word' id='word_1_81' title='bbox 756 1464 759 1470; x_wconf 69' lang='grc'><strong>’</strong></span> 
     </span>
     <span class='ocr_line' id='line_1_14' title="bbox 60 1557 792 1642; baseline -0.001 -20"><span class='ocrx_word' id='word_1_82' title='bbox 60 1559 124 1622; x_wconf 85' lang='lat' dir='ltr'><strong>Pro</strong></span> <span class='ocrx_word' id='word_1_83' title='bbox 139 1558 244 1641; x_wconf 76' lang='lat' dir='ltr'><strong>patriae</strong></span> <span class='ocrx_word' id='word_1_84' title='bbox 257 1557 332 1619; x_wconf 84' lang='lat' dir='ltr'><strong>votis</strong></span> <span class='ocrx_word' id='word_1_85' title='bbox 343 1570 372 1618; x_wconf 95' lang='lat' dir='ltr'><strong>et</strong></span> <span class='ocrx_word' id='word_1_86' title='bbox 384 1578 492 1640; x_wconf 78' lang='lat' dir='ltr'><strong>magno</strong></span> <span class='ocrx_word' id='word_1_87' title='bbox 504 1559 581 1642; x_wconf 85' lang='lat' dir='ltr'><strong>regis</strong></span> <span class='ocrx_word' id='word_1_88' title='bbox 592 1579 715 1636; x_wconf 83' lang='lat' dir='ltr'><strong>amore,</strong></span> <span class='ocrx_word' id='word_1_89' title='bbox 790 1633 792 1638; x_wconf 23' lang='grc' dir='ltr'>Ι</span> 
     </span>
     <span class='ocr_line' id='line_1_15' title="bbox 104 1651 723 1733; baseline 0.005 -21"><span class='ocrx_word' id='word_1_90' title='bbox 104 1651 180 1733; x_wconf 85' lang='lat' dir='ltr'><strong>Quo</strong></span> <span class='ocrx_word' id='word_1_91' title='bbox 194 1653 253 1712; x_wconf 87' lang='lat' dir='ltr'><strong>duo</strong></span> <span class='ocrx_word' id='word_1_92' title='bbox 266 1663 405 1710; x_wconf 82' lang='lat' dir='ltr'><strong>natorum</strong></span> <span class='ocrx_word' id='word_1_93' title='bbox 418 1652 604 1714; x_wconf 78' lang='lat' dir='ltr'><strong>funeratam</strong></span> <span class='ocrx_word' id='word_1_94' title='bbox 617 1654 723 1732; x_wconf 87' lang='lat' dir='ltr'><strong>jacent.</strong></span> 
     </span>
     <span class='ocr_line' id='line_1_16' title="bbox 59 1743 815 1830; baseline 0.001 -20"><span class='ocrx_word' id='word_1_95' title='bbox 59 1747 93 1810; x_wconf 83' lang='lat' dir='ltr'><strong>N</strong></span> <span class='ocrx_word' id='word_1_96' title='bbox 96 1767 131 1809; x_wconf 85' lang='lat' dir='ltr'><strong>ec</strong></span> <span class='ocrx_word' id='word_1_97' title='bbox 145 1746 273 1830; x_wconf 85' lang='lat' dir='ltr'><strong>graviter</strong></span> <span class='ocrx_word' id='word_1_98' title='bbox 285 1743 386 1805; x_wconf 84' lang='lat' dir='ltr'><strong>doleas</strong></span> <span class='ocrx_word' id='word_1_99' title='bbox 399 1745 540 1806; x_wconf 80' lang='lat' dir='ltr'><strong>cecidisse</strong></span> <span class='ocrx_word' id='word_1_100' title='bbox 552 1745 678 1806; x_wconf 86' lang='lat' dir='ltr'><strong>viriliter</strong></span> <span class='ocrx_word' id='word_1_101' title='bbox 691 1748 815 1829; x_wconf 52' lang='lat' dir='ltr'><strong>ambosp</strong></span> 
     </span>
     <span class='ocr_line' id='line_1_17' title="bbox 100 1837 791 1921; baseline 0.006 -21"><span class='ocrx_word' id='word_1_102' title='bbox 100 1839 189 1901; x_wconf 82' lang='lat' dir='ltr'><strong>Nam</strong></span> <span class='ocrx_word' id='word_1_103' title='bbox 203 1859 259 1919; x_wconf 89' lang='lat' dir='ltr'><strong>pro</strong></span> <span class='ocrx_word' id='word_1_104' title='bbox 272 1837 357 1906; x_wconf 80' lang='lat' dir='ltr'><strong>laude</strong></span> <span class='ocrx_word' id='word_1_105' title='bbox 371 1839 468 1912; x_wconf 83' lang='lat' dir='ltr'><strong>mori,</strong></span> <span class='ocrx_word' id='word_1_106' title='bbox 481 1838 580 1900; x_wconf 86' lang='lat' dir='ltr'><strong>vivere</strong></span> <span class='ocrx_word' id='word_1_107' title='bbox 594 1858 714 1921; x_wconf 85' lang='lat' dir='ltr'><strong>semper</strong></span> <span class='ocrx_word' id='word_1_108' title='bbox 724 1842 791 1906; x_wconf 90' lang='lat' dir='ltr'><strong>erit.</strong></span> 
     </span>
     <span class='ocr_line' id='line_1_18' title="bbox 59 1930 710 2009; baseline -0.005 -13"><span class='ocrx_word' id='word_1_109' title='bbox 59 1932 216 1996; x_wconf 77' lang='lat' dir='ltr'><strong>L&#39;etitiam</strong></span> <span class='ocrx_word' id='word_1_110' title='bbox 228 1931 323 1992; x_wconf 81' lang='lat' dir='ltr'><strong>vuitus</strong></span> <span class='ocrx_word' id='word_1_111' title='bbox 334 1930 423 1991; x_wconf 81' lang='lat' dir='ltr'><strong>hilari</strong></span> <span class='ocrx_word' id='word_1_112' title='bbox 436 1930 578 1992; x_wconf 82' lang='lat' dir='ltr'><strong>diffundis</strong></span> <span class='ocrx_word' id='word_1_113' title='bbox 589 1932 626 1993; x_wconf 83' lang='lat' dir='ltr'><strong>ab</strong></span> <span class='ocrx_word' id='word_1_114' title='bbox 641 1952 710 2009; x_wconf 84' lang='lat' dir='ltr'><strong>ore,</strong></span> 
     </span>
     <span class='ocr_line' id='line_1_19' title="bbox 102 2023 707 2108; baseline 0 -22"><span class='ocrx_word' id='word_1_115' title='bbox 102 2023 149 2086; x_wconf 91' lang='lat' dir='ltr'><strong>Et</strong></span> <span class='ocrx_word' id='word_1_116' title='bbox 161 2024 225 2086; x_wconf 80' lang='lat' dir='ltr'><strong>sine</strong></span> <span class='ocrx_word' id='word_1_117' title='bbox 235 2025 315 2086; x_wconf 88' lang='lat' dir='ltr'><strong>nube</strong></span> <span class='ocrx_word' id='word_1_118' title='bbox 329 2024 422 2085; x_wconf 82' lang='lat' dir='ltr'><strong>animi</strong></span> <span class='ocrx_word' id='word_1_119' title='bbox 432 2024 539 2107; x_wconf 80' lang='lat' dir='ltr'><strong>gaudia</strong></span> <span class='ocrx_word' id='word_1_120' title='bbox 551 2024 609 2084; x_wconf 80' lang='lat' dir='ltr'><strong>fida</strong></span> <span class='ocrx_word' id='word_1_121' title='bbox 619 2026 707 2108; x_wconf 77' lang='lat' dir='ltr'><strong>geris</strong></span> 
     </span>
     <span class='ocr_line' id='line_1_20' title="bbox 62 2116 757 2200; baseline -0.001 -18"><span class='ocrx_word' id='word_1_122' title='bbox 62 2117 230 2182; x_wconf 74' lang='lat' dir='ltr'><strong>munificus</strong></span> <span class='ocrx_word' id='word_1_123' title='bbox 242 2118 353 2180; x_wconf 80' lang='lat' dir='ltr'><strong>cunetis</strong></span> <span class='ocrx_word' id='word_1_124' title='bbox 364 2116 479 2200; x_wconf 81' lang='lat' dir='ltr'><strong>largiris</strong></span> <span class='ocrx_word' id='word_1_125' title='bbox 492 2116 585 2178; x_wconf 85' lang='lat' dir='ltr'><strong>multa</strong></span> <span class='ocrx_word' id='word_1_126' title='bbox 597 2117 757 2200; x_wconf 83' lang='lat' dir='ltr'><strong>benignus,</strong></span> 
     </span>
     <span class='ocr_line' id='line_1_21' title="bbox 104 2210 698 2292; baseline 0.002 -20"><span class='ocrx_word' id='word_1_127' title='bbox 104 2210 150 2273; x_wconf 92' lang='lat' dir='ltr'><strong>Et</strong></span> <span class='ocrx_word' id='word_1_128' title='bbox 160 2211 232 2278; x_wconf 80' lang='lat' dir='ltr'><strong>tacis</strong></span> <span class='ocrx_word' id='word_1_129' title='bbox 244 2211 377 2274; x_wconf 77' lang='lat' dir='ltr'><strong>astrictos</strong></span> <span class='ocrx_word' id='word_1_130' title='bbox 388 2232 444 2292; x_wconf 85' lang='lat' dir='ltr'><strong>per</strong></span> <span class='ocrx_word' id='word_1_131' title='bbox 456 2225 505 2272; x_wconf 83' lang='lat' dir='ltr'><strong>tua</strong></span> <span class='ocrx_word' id='word_1_132' title='bbox 518 2212 597 2272; x_wconf 87' lang='lat' dir='ltr'><strong>dona</strong></span> <span class='ocrx_word' id='word_1_133' title='bbox 609 2211 698 2273; x_wconf 83' lang='lat' dir='ltr'><strong>viros.</strong></span> 
     </span>
     <span class='ocr_line' id='line_1_22' title="bbox 68 2303 917 2388; baseline -0.001 -21"><span class='ocrx_word' id='word_1_134' title='bbox 68 2305 116 2367; x_wconf 89' lang='lat' dir='ltr'><strong>Sit</strong></span> <span class='ocrx_word' id='word_1_135' title='bbox 127 2304 185 2367; x_wconf 87' lang='lat' dir='ltr'><strong>tibi</strong></span> <span class='ocrx_word' id='word_1_136' title='bbox 197 2304 285 2388; x_wconf 77' lang='lat' dir='ltr'><strong>longa</strong></span> <span class='ocrx_word' id='word_1_137' title='bbox 297 2305 373 2366; x_wconf 80' lang='lat' dir='ltr'><strong>salus</strong></span> <span class='ocrx_word' id='word_1_138' title='bbox 384 2303 509 2386; x_wconf 82' lang='lat' dir='ltr'><strong>placidis</strong></span> <span class='ocrx_word' id='word_1_139' title='bbox 521 2304 639 2366; x_wconf 82' lang='lat' dir='ltr'><strong>felicior</strong></span> <span class='ocrx_word' id='word_1_140' title='bbox 651 2307 754 2381; x_wconf 79' lang='lat' dir='ltr'><strong>annis,</strong></span> <span class='ocrx_word' id='word_1_141' title='bbox 820 2341 822 2346; x_wconf 30' lang='grc' dir='ltr'><strong><em>ι</em></strong></span> <span class='ocrx_word' id='word_1_142' title='bbox 910 2343 917 2354; x_wconf 90' lang='lat'><strong>·</strong></span> 
     </span>
     <span class='ocr_line' id='line_1_23' title="bbox 107 2396 803 2480; baseline 0 -18"><span class='ocrx_word' id='word_1_143' title='bbox 107 2397 209 2479; x_wconf 80' lang='lat' dir='ltr'><strong>Atque</strong></span> <span class='ocrx_word' id='word_1_144' title='bbox 219 2417 304 2460; x_wconf 89' lang='lat' dir='ltr'><strong>suum</strong></span> <span class='ocrx_word' id='word_1_145' title='bbox 318 2410 437 2480; x_wconf 90' lang='lat' dir='ltr'><strong>reparet</strong></span> <span class='ocrx_word' id='word_1_146' title='bbox 448 2396 549 2480; x_wconf 87' lang='lat' dir='ltr'><strong>proles</strong></span> <span class='ocrx_word' id='word_1_147' title='bbox 562 2398 665 2478; x_wconf 86' lang='lat' dir='ltr'><strong>opima</strong></span> <span class='ocrx_word' id='word_1_148' title='bbox 677 2411 803 2480; x_wconf 85' lang='lat' dir='ltr'><strong>patrem.</strong></span> 
     </span>
    </p>
   </div>
   <div class='ocr_carea' id='block_1_2' title="bbox 264 2548 759 2606">
    <p class='ocr_par' dir='ltr' id='par_1_2' title="bbox 264 2548 759 2606">
     <span class='ocr_line' id='line_1_24' title="bbox 264 2548 759 2606; baseline 0.004 -4"><span class='ocrx_word' id='word_1_149' title='bbox 264 2550 363 2602; x_wconf 80' lang='lat' dir='ltr'><strong>xvlt.</strong></span> <span class='ocrx_word' id='word_1_150' title='bbox 388 2548 443 2600; x_wconf 82' lang='lat' dir='ltr'><strong>AD</strong></span> <span class='ocrx_word' id='word_1_151' title='bbox 466 2548 759 2606; x_wconf 81' lang='lat' dir='ltr'><strong>GUNDIJARIUM.</strong></span> 
     </span>
    </p>
   </div>
   <div class='ocr_carea' id='block_1_3' title="bbox 70 2658 927 3232">
    <p class='ocr_par' dir='ltr' id='par_1_3' title="bbox 71 2658 758 2860">
     <span class='ocr_line' id='line_1_25' title="bbox 71 2658 749 2763; baseline -0.009 -15"><span class='ocrx_word' id='word_1_152' title='bbox 71 2658 115 2748; x_wconf 74' lang='lat' dir='ltr'><strong>Si</strong></span> <span class='ocrx_word' id='word_1_153' title='bbox 126 2681 217 2763; x_wconf 85' lang='lat' dir='ltr'><strong>prodi</strong></span> <span class='ocrx_word' id='word_1_154' title='bbox 230 2681 327 2744; x_wconf 78' lang='lat' dir='ltr'><strong>verbis</strong></span> <span class='ocrx_word' id='word_1_155' title='bbox 337 2681 459 2746; x_wconf 75' lang='lat' dir='ltr'><strong>affectus</strong></span> <span class='ocrx_word' id='word_1_156' title='bbox 471 2693 571 2762; x_wconf 84' lang='lat' dir='ltr'><strong>posset</strong></span> <span class='ocrx_word' id='word_1_157' title='bbox 577 2682 724 2757; x_wconf 77' lang='lat' dir='ltr'><strong>amantis,</strong></span> <span class='ocrx_word' id='word_1_158' title='bbox 748 2733 749 2736; x_wconf 63' lang='grc'>,</span> 
     </span>
     <span class='ocr_line' id='line_1_26' title="bbox 114 2772 758 2860; baseline 0.003 -22"><span class='ocrx_word' id='word_1_159' title='bbox 114 2772 260 2839; x_wconf 84' lang='lat' dir='ltr'><strong>Carmina</strong></span> <span class='ocrx_word' id='word_1_160' title='bbox 271 2775 360 2856; x_wconf 83' lang='lat' dir='ltr'><strong>ptura</strong></span> <span class='ocrx_word' id='word_1_161' title='bbox 369 2775 424 2835; x_wconf 88' lang='lat' dir='ltr'><strong>tibi</strong></span> <span class='ocrx_word' id='word_1_162' title='bbox 436 2775 542 2860; x_wconf 83' lang='lat' dir='ltr'><strong>pagina</strong></span> <span class='ocrx_word' id='word_1_163' title='bbox 553 2788 654 2838; x_wconf 81' lang='lat' dir='ltr'><strong>nostra</strong></span> <span class='ocrx_word' id='word_1_164' title='bbox 666 2777 758 2840; x_wconf 84' lang='lat' dir='ltr'><strong>daret.</strong></span> 
     </span>
    </p>

    <p class='ocr_par' dir='ltr' id='par_1_4' title="bbox 72 2869 927 3044">
     <span class='ocr_line' id='line_1_27' title="bbox 72 2869 927 2958; baseline 0.006 -26"><span class='ocrx_word' id='word_1_165' title='bbox 72 2870 135 2932; x_wconf 85' lang='lat' dir='ltr'><strong>Sed</strong></span> <span class='ocrx_word' id='word_1_166' title='bbox 147 2869 229 2949; x_wconf 84' lang='lat' dir='ltr'><strong>quod</strong></span> <span class='ocrx_word' id='word_1_167' title='bbox 239 2869 279 2932; x_wconf 77' lang='lat' dir='ltr'><strong>ab</strong></span> <span class='ocrx_word' id='word_1_168' title='bbox 290 2889 344 2930; x_wconf 90' lang='lat' dir='ltr'><strong>ore</strong></span> <span class='ocrx_word' id='word_1_169' title='bbox 357 2869 440 2948; x_wconf 90' lang='lat' dir='ltr'><strong>loqui</strong></span> <span class='ocrx_word' id='word_1_170' title='bbox 452 2891 586 2950; x_wconf 86' lang='lat' dir='ltr'><strong>nequeo,</strong></span> <span class='ocrx_word' id='word_1_171' title='bbox 600 2870 680 2950; x_wconf 87' lang='lat' dir='ltr'><strong>quod</strong></span> <span class='ocrx_word' id='word_1_172' title='bbox 692 2884 813 2951; x_wconf 81' lang='lat' dir='ltr'><strong>pectore</strong></span> <span class='ocrx_word' id='word_1_173' title='bbox 825 2887 927 2958; x_wconf 66' lang='lat' dir='ltr'><strong>gesto,¹</strong></span> 
     </span>
     <span class='ocr_line' id='line_1_28' title="bbox 115 2959 758 3044; baseline 0.005 -21"><span class='ocrx_word' id='word_1_174' title='bbox 115 2959 163 3023; x_wconf 85' lang='lat' dir='ltr'><strong>Sit</strong></span> <span class='ocrx_word' id='word_1_175' title='bbox 175 2961 244 3022; x_wconf 87' lang='lat' dir='ltr'><strong>satis</strong></span> <span class='ocrx_word' id='word_1_176' title='bbox 255 2982 290 3023; x_wconf 82' lang='lat' dir='ltr'><strong>ex</strong></span> <span class='ocrx_word' id='word_1_177' title='bbox 302 2962 403 3024; x_wconf 88' lang='lat' dir='ltr'><strong>multis</strong></span> <span class='ocrx_word' id='word_1_178' title='bbox 414 2961 463 3023; x_wconf 83' lang='lat' dir='ltr'><strong>vel</strong></span> <span class='ocrx_word' id='word_1_179' title='bbox 474 2963 567 3024; x_wconf 84' lang='lat' dir='ltr'><strong>modo</strong></span> <span class='ocrx_word' id='word_1_180' title='bbox 580 2973 674 3044; x_wconf 82' lang='lat' dir='ltr'><strong>pauca</strong></span> <span class='ocrx_word' id='word_1_181' title='bbox 685 2964 758 3026; x_wconf 84' lang='lat' dir='ltr'><strong>dari.</strong></span> 
     </span>
    </p>

    <p class='ocr_par' dir='ltr' id='par_1_5' title="bbox 70 3051 831 3232">
     <span class='ocr_line' id='line_1_29' title="bbox 70 3053 789 3137; baseline -0.008 -19"><span class='ocrx_word' id='word_1_182' title='bbox 70 3053 157 3118; x_wconf 85' lang='lat' dir='ltr'><strong>Nam</strong></span> <span class='ocrx_word' id='word_1_183' title='bbox 168 3054 193 3116; x_wconf 89' lang='lat' dir='ltr'><strong>si</strong></span> <span class='ocrx_word' id='word_1_184' title='bbox 207 3055 347 3136; x_wconf 77' lang='lat' dir='ltr'><strong>respicias</strong></span> <span class='ocrx_word' id='word_1_185' title='bbox 359 3068 462 3117; x_wconf 86' lang='lat' dir='ltr'><strong>votum</strong></span> <span class='ocrx_word' id='word_1_186' title='bbox 474 3076 530 3137; x_wconf 88' lang='lat' dir='ltr'><strong>per</strong></span> <span class='ocrx_word' id='word_1_187' title='bbox 538 3056 789 3133; x_wconf 70' lang='lat' dir='ltr'><strong>verberamus,</strong></span> 
     </span>
     <span class='ocr_line' id='line_1_30' title="bbox 115 3146 769 3232; baseline -0.003 -22"><span class='ocrx_word' id='word_1_188' title='bbox 115 3146 245 3210; x_wconf 83' lang='lat' dir='ltr'><strong>Mallem</strong></span> <span class='ocrx_word' id='word_1_189' title='bbox 258 3167 338 3212; x_wconf 85' lang='lat' dir='ltr'><strong>nunc</strong></span> <span class='ocrx_word' id='word_1_190' title='bbox 351 3149 445 3231; x_wconf 83' lang='lat' dir='ltr'><strong>majus</strong></span> <span class='ocrx_word' id='word_1_191' title='bbox 457 3147 508 3230; x_wconf 85' lang='lat' dir='ltr'><strong>qui</strong></span> <span class='ocrx_word' id='word_1_192' title='bbox 521 3148 577 3214; x_wconf 88' lang='lat' dir='ltr'><strong>tibi</strong></span> <span class='ocrx_word' id='word_1_193' title='bbox 590 3169 681 3232; x_wconf 79' lang='lat' dir='ltr'><strong>parva</strong></span> <span class='ocrx_word' id='word_1_194' title='bbox 694 3150 769 3211; x_wconf 86' lang='lat' dir='ltr'><strong>sero.</strong></span> 
     </span>
    </p>
   </div>
   <div class='ocr_carea' id='block_1_4' title="bbox 0 0 1120 3852">
    <p class='ocr_par' dir='ltr' id='par_1_6' title="bbox 0 0 1120 3852">
     <span class='ocr_line' id='line_1_31' title="bbox 0 0 1120 3852; baseline 0 0"><span class='ocrx_word' id='word_1_195' title='bbox 0 0 1120 3852; x_wconf 95' lang='lat' dir='ltr'><strong> </strong></span> 
     </span>
    </p>
   </div>
  </div>
 </body>
</html>
