2230 3838
210 349 800 438 v.u.r0uruuur1

297 541 732 727 Pouuuruu

343 933 470 988 trouu
501 889 709 1015 Quuuuus.

156 1175 181 1228 1.
199 1171 452 1227 EPITAPHIUM
469 1170 666 1224 EVEMERII
688 1170 875 1224 EPISGOPI

319 1263 518 1305 summanum
537 1264 725 1304 saturans.

70 1376 241 1489 Quamws
254 1407 360 1458 cuncta
372 1395 460 1458 avido
474 1396 629 1477 rapiantur
642 1397 680 1457 ab
694 1396 769 1457 orbe
783 1393 899 1470 volatu,

118 1491 263 1553 Attamen
274 1491 404 1562 extendit
416 1492 476 1552 vita
488 1492 576 1553 beata
591 1491 682 1554 diem.

76 1585 148 1650 Nee
160 1590 306 1648 damnum
319 1587 356 1647 de
370 1587 428 1647 fine
442 1586 539 1667 capit,
555 1587 602 1648 cui
615 1585 710 1669 gloria
722 1583 812 1660 vivit,

118 1676 346 1761 AEternumque
360 1680 465 1743 locum'
474 1681 580 1742 missus
593 1681 631 1742 ad
644 1693 721 1741 astra
732 1693 822 1741 tenet.

75 1774 150 1840 Hoc
163 1777 256 1859 igitur
267 1774 384 1836 tumulo
397 1776 558 1858 requiescit
570 1774 737 1838 Euemerus
748 1774 847 1862 almo,

117 1869 182 1934 Per
191 1891 283 1954 quem
296 1870 474 1953 pontificum
485 1871 577 1954 surgit
590 1871 710 1953 opimus
721 1871 830 1932 honor.

80 1963 248 2029 Stemmata
262 1967 381 2028 deducit
390 1965 505 2049 fulgens
518 1966 555 2027 ab
570 1966 685 2050 origine
699 1967 837 2044 eulmen,

118 2061 161 2124 Et
174 2061 293 2123 meritis
305 2061 420 2143 priscos
434 2081 568 2124 crescere
580 2061 651 2124 fecit
664 2083 743 2124 avos.

75 2145 214 2220 Emicuit
227 2156 348 2240 populis
359 2157 514 2240 geminum
527 2157 726 2219 memorabile
741 2159 873 2233 donum,

116 2251 195 2314 Inde
206 2253 300 2336 gradu
313 2253 418 2333 judex,
431 2252 504 2314 hinc
515 2252 626 2334 pietate
639 2265 734 2334 pater.
848 2319 856 2344 θ

79 2345 186 2411 Dulcis
198 2348 233 2407 in
247 2346 386 2426 eloquio,
401 2346 536 2428 placidus
547 2347 756 2408 moderamine
767 2365 868 2424 sacro,

118 2442 156 2505 In
171 2443 255 2525 cujus
266 2461 353 2503 sensu
366 2441 498 2522 perdidit
512 2441 557 2504 ira
570 2440 682 2503 locum.

78 2536 211 2599 Alterius
222 2548 322 2595 motus
334 2534 462 2615 patienti
476 2548 599 2616 pectore
610 2534 702 2611 vicit,

119 2631 167 2692 Ut
175 2630 281 2692 levitas
293 2629 384 2704 laesit,
398 2629 458 2690 hoc
470 2629 612 2712 gravitate
626 2628 702 2689 tulit.

77 2725 112 2788 si
127 2726 195 2807 quis
208 2724 246 2785 ab
259 2722 386 2784 externis
399 2723 574 2805 properavit
587 2723 707 2784 sedibus
718 2723 847 2808 hospes,

118 2819 195 2881 Mox
208 2819 289 2899 apud
298 2817 378 2879 huuc
391 2818 533 2900 proprios
543 2817 635 2878 sensit
648 2817 758 2880 hahere
772 2818 874 2882 Lares.

76 2913 141 2978 Hic
154 2913 290 2975 habitare
301 2911 406 2974 volens
417 2912 522 2992 patriis
535 2912 617 2973 rudis
630 2912 696 2973 exul
707 2914 744 2975 ab
759 2915 837 2992 oris,
873 2925 875 2928 '

119 3007 249 3071 Oblitus
259 3020 393 3069 veterem
405 3007 492 3090 hujus
502 3026 606 3068 amore
616 3020 744 3089 patrem.

77 3103 225 3167 Gaudens
237 3102 353 3177 arrisit,
366 3101 477 3183 probat
490 3101 557 3162 isse
571 3121 695 3163 cernere
708 3100 848 3179 flentem,
952 3175 959 3188 Ι

119 3197 255 3266 Alterius
267 3195 416 3284 lacrymas
428 3213 499 3258 mox
511 3193 582 3260 facit
596 3215 658 3260 esse
671 3215 745 3260 suas.
