2222 3852
162 257 225 322 228
422 275 455 329 r.
476 275 511 328 u.
538 275 793 330 ronruusrr

160 362 195 425 Si
209 383 267 444 qna
280 363 381 427 calens
393 366 497 426 animo
511 367 664 429 recitanda
677 381 820 447 poemata
834 385 980 453 pangam,

202 455 270 519 Scis
283 459 348 540 ipse
361 459 420 520 hoc
432 460 531 521 studio
545 480 636 541 qoam
650 473 752 543 gravet
764 475 830 525 arte
843 464 942 525 labor.

157 548 243 612 Nam
256 573 348 614 cruor
355 552 473 614 ablatus
485 555 581 636 magis
593 554 655 614 otia
668 553 751 624 lenta
765 557 909 637 requirit,

200 642 336 727 Quoque
349 646 441 728 frigus
455 659 613 730 penetrat,
628 668 685 709 nec
697 669 795 730 vapor
807 663 889 710 ustus
900 651 1002 712 adest.

159 736 377 820 Secretumque
389 742 484 821 petit,
499 762 538 802 ne
551 739 662 801 flabilis
675 761 748 803 aura
760 741 908 826 flagellet,

134 897 137 904 ,
200 832 276 912 Quo
291 854 430 895 recreans
442 835 579 894 animum
593 847 650 894 stat
663 834 767 911 viror,
779 835 860 897 halat
870 838 964 898 odor.

159 926 215 988 Ast
229 946 284 1010 ego
298 926 465 1008 posthabeo
474 927 586 990 affectu
599 948 668 988 mea
679 928 888 1007 seria-vestro,

203 1017 287 1082 Cura
297 1021 341 1080 tui
354 1020 480 1094 faciem,
494 1040 558 1079 non
572 1040 641 1080 mea
652 1032 737 1102 terga
747 1033 840 1082 tenet.

162 1113 237 1176 Post
250 1115 391 1174 sudorem
402 1113 495 1173 habui
507 1114 600 1174 modo
614 1132 677 1174 non
690 1115 762 1174 dare
775 1115 917 1175 membra
932 1115 1058 1197 quieti,

206 1206 327 1270 Ordine
340 1207 509 1289 postposito
522 1219 663 1288 tempora
675 1207 790 1287 rumpit
801 1205 899 1268 am'or.

162 1303 245 1364 Dico
258 1321 387 1382 parum,
407 1300 633 1382 propriamtibi
647 1301 720 1361 dum
734 1300 804 1362 volo
816 1301 897 1362 ferre
910 1302 1063 1380 salutem,

206 1394 267 1456 Sed
279 1413 346 1454 mea
359 1393 532 1475 prospicio,
547 1414 618 1455 cum
630 1405 682 1455 tua
693 1406 762 1455 vota
775 1394 854 1456 colo.

162 1490 256 1551 Nunc
269 1508 342 1569 cape
356 1507 447 1569 parva
458 1499 522 1550 cate
534 1499 565 1548 et
574 1485 695 1568 pollens
708 1487 740 1548 in
752 1488 838 1550 lance
852 1487 1020 1574 Dynami,

206 1580 299 1644 Clare
311 1583 420 1643 decore
433 1593 504 1656 tuo,
517 1600 585 1642 care
600 1580 704 1640 favore
717 1601 799 1642 meo.

162 1675 304 1737 Partibus
315 1673 408 1736 ltaliae
419 1675 543 1736 advecto
556 1673 633 1734 mihi
648 1672 774 1735 Rhenus
788 1688 818 1735 et
832 1674 933 1750 ister,

205 1769 310 1849 Quem
321 1769 458 1831 cecinere
472 1767 554 1849 prius
567 1787 658 1846 quam
673 1768 757 1829 daret
769 1767 834 1850 ipse
847 1766 949 1830 locus.

163 1862 316 1946 Insignem
328 1862 446 1944 specie,
461 1860 574 1922 celsum
589 1858 687 1937 Lare,
702 1860 767 1943 lege
779 1877 940 1944 sagacem,

209 1955 364 2018 Omnibus
376 1955 521 2034 aequalem
535 1975 608 2036 spe,
625 1954 703 2031 sate,
718 1975 809 2036 pace,
823 1957 893 2017 tide.

166 2049 277 2114 incidit
286 2052 367 2112 unde
381 2049 477 2124 mihi,
493 2050 607 2124 fateor,
621 2060 651 2110 te
664 2061 745 2110 sorte
758 2049 898 2126 ridendi,

206 2144 312 2207 Arctoi
325 2143 423 2227 gelida
434 2143 488 2203 sub
502 2142 625 2224 regione
636 2141 733 2204 calor.

169 2236 410 2321 Plusqueaeiibens
423 2236 519 2298 vultus
532 2235 665 2298 efferveo
678 2249 758 2300 totus
770 2237 802 2298 in
816 2237 903 2313 ilios,

210 2334 259 2394 Ad
271 2332 375 2414 patriae
387 2330 499 2391 reditus
509 2349 600 2410 quarn
614 2331 772 2414 peregrina
784 2331 902 2394 cohors.

168 2425 294 2490 Visibus
307 2439 393 2508 atque
408 2424 465 2485 tuis
478 2425 568 2486 issem
579 2424 712 2486 velocius
723 2443 759 2486 uc
771 2426 797 2485 si

210 2521 261 2581 Ad
271 2520 364 2603 patris
376 2518 529 2600 amplexus
542 2520 579 2580 de
595 2516 764 2578 Telamone
776 2529 863 2578 satus.

167 2611 230 2675 Vix
242 2633 362 2694 quoque
375 2626 437 2673 tam
448 2613 574 2694 cupidos
588 2611 671 2673 vario
682 2611 851 2672 sinuamine
864 2609 982 2691 sulcat,

211 2707 351 2768 Rusticus
362 2719 428 2767 arte
441 2705 556 2782 solum,
571 2704 671 2766 navita
683 2704 774 2766 classe
786 2703 906 2764 fretum.

170 2799 217 2866 Ex
229 2799 303 2878 iilo,
320 2799 499 2861 celebrande
512 2798 624 2876 cliens,
638 2810 695 2859 stat
707 2817 776 2880 pars
790 2817 858 2858 urea
870 2809 974 2860 tecum
987 2844 999 2878 ,

211 2893 254 2956 Et
264 2893 348 2957 renis
359 2895 417 2955 huc
428 2892 536 2954 animae
549 2912 618 2974 pars
630 2892 760 2954 mediata
774 2909 858 2951 meur.

172 2989 271 3052 Antea
283 2987 376 3051 corde
389 2986 464 3047 mihi
475 2998 581 3062 notus,
596 3004 687 3064 quam
700 2983 813 3046 lumine
824 2983 919 3060 visus,

215 3081 322 3164 Quem
334 3092 435 3143 ruente
447 3078 594 3164 astringo,
608 3078 743 3160 sineque
757 3091 844 3160 tango
857 3095 964 3138 uranu.
