2230 3838
155 287 214 374 178
420 304 454 361 v.
470 306 505 360 u.
522 307 772 364 ronruuurr

154 391 258 474 Quam
272 393 360 476 lupus
372 413 390 456 a
400 397 525 458 stabulis
536 399 642 461 tulerat
655 400 811 464 frendente
823 401 953 485 ταρίηε,1

194 486 240 549 Te
253 501 373 569 pastore
385 491 465 574 gregi
478 493 596 555 reddite
609 495 724 576 plaudit
736 496 810 560 ovis.

152 580 283 666 Templa
297 597 396 646 exusta
408 585 489 647 celer
503 589 649 650 revocasti
661 589 693 649 in
705 591 837 652 culmine
850 591 976 674 priscoj

196 677 282 741 Hinc
294 692 344 740 tua
357 680 409 741 sed
422 681 504 744 coelis
517 695 572 743 stat
583 683 648 744 sine
660 683 729 764 labe
742 685 861 748 domus.

152 771 223 856 lpse
233 773 281 834 bis
294 787 405 836 octono
418 775 515 836 vixisti
528 776 560 836 in
572 787 703 858 corpore
716 778 831 856 lustro,

195 865 289 930 Nunc
301 867 358 929 tibi
371 889 428 950 pro
442 869 560 931 meritis
571 883 615 933 est
627 871 691 934 sine
703 872 763 934 fine
774 873 849 935 dies.

167 1031 216 1084 lx.
233 1029 456 1083 EPITAPHIUM
472 1028 618 1084 LEONTII
635 1032 799 1087 EPtscol’l
813 1034 1036 1094 ANTERIORIS

343 1123 639 1166 nonnnonrnusrs
662 1123 855 1168 crvrrurrs.

155 1219 300 1306 Uerrem
311 1262 375 1305 sors
387 1244 474 1307 avido
487 1245 617 1328 graviter
629 1247 805 1328 properavit
815 1245 919 1323 hiatu,

198 1334 356 1400 Pastorem
367 1338 503 1422 rapiens,
519 1339 570 1418 qui
582 1338 638 1400 fuit
650 1359 734 1401 armo
747 1340 853 1425 gregis.

158 1431 232 1496 Hoc
244 1433 389 1496 recubant
402 1432 518 1494 tumulo
530 1434 694 1495 venerandi
707 1435 847 1496 membra
860 1432 995 1513 Leonti,

200 1525 275 1608 Quo
288 1528 368 1589 stetit
379 1527 523 1590 eximium
537 1527 711 1612 pontificale
725 1541 823 1611 caput.

157 1619 266 1708 Quem
279 1622 366 1703 plebs
379 1636 485 1686 cuncta
496 1643 618 1706 gemens
630 1621 756 1686 confuso
768 1644 843 1687 voce
855 1621 1000 1706 requiris,

202 1714 290 1778 Hinc
301 1738 396 1800 puer,
408 1717 481 1781 hinc
492 1717 608 1801 juvenis
621 1715 730 1794 deflet,
746 1731 776 1780 et
788 1718 859 1781 inde
872 1739 974 1784 senex.

160 1810 342 1872 Defensoris
353 1828 447 1893 opem
458 1813 509 1875 hic
520 1808 619 1874 omnis
630 1810 763 1893 perdidit
773 1824 859 1890 aetns,

204 1903 247 1965 Et
259 1917 403 1985 quantum
416 1905 526 1984 coluit,
540 1928 621 1969 nunc
630 1906 824 2000 lacrymando
836 1909 935 1970 docet.

161 1997 268 2062 Nemo
278 1999 357 2062 valet
369 1999 455 2063 siccis
467 2001 561 2064 oculis
574 2020 746 2063 memorare
760 2002 932 2084 sepultum,

205 2093 272 2175 Qui
282 2107 383 2156 temen
395 2095 427 2157 in
441 2095 556 2177 populo
567 2095 640 2157 vivit
653 2116 757 2157 amore
770 2096 835 2178 pio.

161 2187 307 2274 Egregius
319 2190 394 2250 nulli
406 2191 443 2252 de
455 2190 611 2252 nobilitate
625 2193 786 2267 secundus,

202 2283 343 2346 Moribus
356 2285 521 2361 excellens,
535 2285 667 2347 eulmine
680 2286 798 2368 primus
812 2297 885 2348 erut.

160 2376 226 2441 Hic
237 2379 348 2460 pietate
361 2400 439 2442 nova
452 2380 565 2444 eunctis
577 2381 679 2441 minor
693 2400 756 2441 esse
769 2378 909 2458 volebat,

205 2469 267 2534 Sed
280 2475 373 2558 magis
384 2475 432 2536 his
444 2474 561 2538 meritis
574 2488 604 2536 et
614 2475 672 2536 sibi
685 2477 783 2556 major
795 2487 868 2536 erat.

164 2562 239 2644 Quo
250 2582 396 2648 praesente
409 2570 475 2631 uiro
491 2569 602 2636 meruit
615 2569 767 2632 discordia¹
777 2588 905 2650 pacem,

205 2658 338 2742 Expulsa
350 2664 433 2725 rabie
447 2665 538 2727 corda
551 2664 660 2748 ligabat
673 2683 769 2725 arnor.

163 2751 308 2817 Ecclesiae
321 2769 417 2818 totum
430 2761 576 2823 concessit
588 2760 620 2819 in
634 2759 741 2819 ordine
753 2775 896 2832 censum,

206 2846 248 2909 Et
260 2850 365 2913 tribuit
379 2851 519 2929 Christo,
533 2855 616 2934 quod
628 2853 684 2914 fuir
697 2864 765 2912 ante
777 2871 874 2912 suurn.

165 2942 216 3005 Ad
229 2964 319 3022 qoem
332 2965 448 3028 pauper
459 2967 570 3029 opem,
584 2946 717 3028 pretium
731 2944 863 3025 captivus
874 2942 1025 3022 habebat,

210 3034 282 3100 Hoc
293 3041 453 3120 proprium
466 3055 607 3122 reputans
618 3041 700 3121 quod
712 3037 850 3119 capiebat
863 3057 966 3122 egem.

167 3127 265 3216 cuju
277 3133 315 3197 de
328 3133 415 3202 terris
428 3134 565 3219 migrarit
577 3136 616 3200 od
628 3145 706 3200 astra
717 3131 858 3210 facultas,
