2222 3852
267 335 510 394 POEMATUM
524 336 652 394 LIBER
669 341 723 395 VI.
875 333 936 409 241-

54 427 208 492 Conserui
221 430 358 508 quotiens
367 442 466 491 restro
482 450 622 492 sermone
635 431 784 512 loquelas,

98 521 224 586 Credidi
235 523 268 583 in
280 523 437 585 ambrosiis
451 544 500 586 me
512 525 654 586 recubare
666 526 749 588 rosis.

56 607 212 681 Omnibus
223 638 283 679 una
296 638 435 693 manens,
448 620 499 680 sed
512 618 579 699 plus
592 631 640 679 tua
651 621 745 703 gratia
757 623 865 699 uobis,

99 711 202 771 Vinxit
213 713 245 771 in
258 711 365 773 aflectu
377 732 426 772 me
440 724 622 793 properante
635 733 698 774 suo.

54 806 147 869 Nunc
158 826 278 885 quoque
285 825 342 887 pro
349 806 464 888 magnis
471 805 536 884 quis
546 806 633 888 digna
642 811 785 888 rependat
791 809 934 896 honoris?

95 899 228 960 Materia
239 900 361 973 vincor,
374 911 419 958 est
432 900 501 978 quia
513 898 612 982 lingua
626 901 736 962 minor.

53 992 166 1074 Sicque
178 1013 234 1074 per
243 1012 396 1054 ascensum
409 993 528 1054 culmen
541 995 745 1076 supereminet
757 998 866 1077 altum,

94 1086 180 1153 Hinc
196 1105 280 1146 meus
293 1099 376 1168 urget
388 1105 492 1162 amor,
505 1086 576 1148 hinc
589 1099 655 1148 tuus
664 1089 764 1151 obstat
774 1092 881 1156 honor.

57 1177 113 1240 Sed
126 1199 185 1260 pro
199 1199 249 1238 me
263 1177 370 1256 reliqui
382 1177 484 1238 laudes
497 1179 552 1238 tibi
566 1181 690 1242 reddere
704 1197 835 1263 certent,

92 1271 134 1332 Et
148 1290 206 1351 qua
220 1270 342 1351 quisque
356 1270 432 1332 valet
443 1285 472 1331 te
486 1293 594 1352 prece,
610 1293 682 1334 voce
694 1289 789 1336 sonet.

55 1363 267 1444 Romanusque
280 1362 345 1446 lyra
356 1363 476 1444 plaudat
489 1365 543 1425 tihi
553 1409 562 1439 ,
574 1366 717 1427 barbarus
730 1369 838 1452 harpa,

93 1457 220 1520 Graecus
233 1456 403 1532 achilliaca,
418 1457 535 1519 chrotta
547 1457 694 1520 Britanna
709 1476 803 1525 canat.

57 1548 101 1612 lli
114 1564 142 1612 te
154 1550 265 1612 sortem
279 1549 423 1626 celerant,
437 1551 469 1610 hi
481 1553 545 1631 jure
558 1565 728 1632 potentem,

93 1641 147 1702 llle
161 1642 253 1700 armis
264 1641 372 1722 agilem
387 1642 544 1721 praedicet,
559 1643 613 1704 iste
625 1645 718 1706 libris.

53 1732 90 1796 Et
102 1736 173 1816 quia
185 1733 242 1794 rite
256 1733 333 1815 regis
345 1733 426 1813 quod
439 1733 568 1814 plurima
581 1737 659 1797 bella
674 1739 842 1821 requirunt,
947 1745 948 1750 ’

88 1829 112 1890 J
114 1829 209 1890 udicis
221 1825 271 1886 ille
284 1829 388 1902 decus,
403 1827 542 1888 concinat
556 1829 609 1890 iste
622 1832 712 1894 ducis.
949 1843 956 1855 '

51 1920 115 1984 Nus
125 1921 181 1981 tibi
197 1918 374 1994 versiculos,
388 1921 457 1980 dent
470 1920 597 1982 barbara
607 1925 741 1986 carmina
752 1927 872 2007 leudos,
964 1989 980 1996 ..

90 2013 141 2075 Sic
154 2014 287 2074 variante
301 2025 391 2093 tropo
403 2013 467 2072 laus
479 2027 564 2076 sonet
577 2037 636 2076 uua
648 2018 723 2079 viro.

52 2105 109 2170 llic
121 2105 273 2169 celebrem
288 2118 474 2181 memorent,
489 2104 535 2165 illi
547 2114 576 2168 te'
590 2107 653 2192 lege
666 2131 818 2194 sagacem,
839 2083 840 2086 Ἴ

86 2200 206 2283 detego
219 2211 249 2260 te
262 2199 380 2261 dulcem
393 2219 514 2280 semper
527 2199 662 2278 habebo,
678 2203 777 2287 Lupe.

251 2329 304 2403 ux.
330 2351 384 2403 nn
405 2353 544 2405 LUPUM
567 2353 730 2408 nucum.

51 2465 201 2551 Ouurcns
213 2489 326 2549 intente
338 2486 397 2568 piis
409 2499 594 2550 memorator
606 2488 750 2565 amantis,

85 2581 231 2664 Prompte
239 2602 297 2663 ¹per
308 2581 448 2642 affectum
459 2579 639 2642 consuliture
651 2593 755 2644 tuum:

43 2674 150 2738 Canius
163 2676 292 2736 absentis
306 2674 435 2734 nimium
448 2673 602 2734 miseratus
615 2675 724 2750 amici,

82 2767 215 2848 Quando
227 2767 336 2828 latente
349 2766 417 2828 loco
430 2767 511 2849 sigua
526 2767 651 2848 requirit
663 2785 759 2829 amor.

40 2859 131 2922 Unde
144 2863 230 2922 datur
241 2860 355 2924 meritis
368 2859 460 2935 illud,
474 2879 534 2939 quo
547 2860 685 2941 protinus
697 2875 772 2924 esset

81 2953 157 3036 Spes
172 2953 328 3014 Fortunati
340 2972 411 3015 cura
424 2952 552 3036 benigna
564 2950 655 3036 Lupi.

39 3041 114 3107 Exul
123 3047 162 3108 ab
173 3044 259 3106 ltalia
272 3066 354 3107 nono
363 3089 378 3120 ,
389 3057 481 3127 puto,
495 3044 600 3106 volvor
611 3048 642 3109 in
655 3067 754 3125 annu,

79 3138 205 3201 Litteris
218 3139 323 3202 noemi
337 3138 531 3216 ¹continuante
541 3137 614 3202 selu.

765 3254 801 3292 nr
