<?xml version="1.0" encoding="UTF-8"?>
<!DOCTYPE html PUBLIC "-//W3C//DTD XHTML 1.0 Transitional//EN"
    "http://www.w3.org/TR/xhtml1/DTD/xhtml1-transitional.dtd">
<html xmlns="http://www.w3.org/1999/xhtml" xml:lang="en" lang="en">
 <head>
  <title>
</title>
<meta http-equiv="Content-Type" content="text/html;charset=utf-8" />
  <meta name='ocr-system' content='tesseract 3.04.00' />
  <meta name='ocr-capabilities' content='ocr_page ocr_carea ocr_par ocr_line ocrx_word'/>
</head>
<body>
  <div class='ocr_page' id='page_1' title='image "./venantiihonorii00unkngoog_0189.png"; bbox 0 0 2230 3838; ppageno 0'>
   <div class='ocr_carea' id='block_1_1' title="bbox 291 394 971 475">
    <p class='ocr_par' dir='ltr' id='par_1_1' title="bbox 291 394 971 475">
     <span class='ocr_line' id='line_1_1' title="bbox 291 394 971 475; baseline -0.003 -17"><span class='ocrx_word' id='word_1_1' title='bbox 291 407 531 460; x_wconf 84' lang='lat' dir='ltr'><strong>POEMATUM</strong></span> <span class='ocrx_word' id='word_1_2' title='bbox 553 407 681 458; x_wconf 86' lang='lat' dir='ltr'>LIBER</span> <span class='ocrx_word' id='word_1_3' title='bbox 704 409 757 460; x_wconf 74' lang='lat' dir='ltr'><strong>IV.</strong></span> <span class='ocrx_word' id='word_1_4' title='bbox 914 394 971 475; x_wconf 85' lang='lat'><strong>173</strong></span> 
     </span>
    </p>
   </div>
   <div class='ocr_carea' id='block_1_2' title="bbox 78 497 959 1902">
    <p class='ocr_par' dir='ltr' id='par_1_2' title="bbox 122 497 751 581">
     <span class='ocr_line' id='line_1_2' title="bbox 122 497 751 581; baseline 0 -22"><span class='ocrx_word' id='word_1_5' title='bbox 122 497 171 560; x_wconf 87' lang='lat' dir='ltr'><strong>Te</strong></span> <span class='ocrx_word' id='word_1_6' title='bbox 185 497 292 580; x_wconf 79' lang='lat' dir='ltr'><strong>patriae</strong></span> <span class='ocrx_word' id='word_1_7' title='bbox 305 498 408 573; x_wconf 80' lang='lat' dir='ltr'><strong>sedes,</strong></span> <span class='ocrx_word' id='word_1_8' title='bbox 420 519 476 559; x_wconf 88' lang='lat' dir='ltr'><strong>nos</strong></span> <span class='ocrx_word' id='word_1_9' title='bbox 489 498 648 581; x_wconf 79' lang='lat' dir='ltr'><strong>peregrina</strong></span> <span class='ocrx_word' id='word_1_10' title='bbox 659 511 751 560; x_wconf 84' lang='lat' dir='ltr'><strong>tenet.</strong></span> 
     </span>
    </p>

    <p class='ocr_par' dir='ltr' id='par_1_3' title="bbox 78 591 874 770">
     <span class='ocr_line' id='line_1_3' title="bbox 78 591 874 676; baseline 0.004 -24"><span class='ocrx_word' id='word_1_11' title='bbox 78 591 129 652; x_wconf 78' lang='lat' dir='ltr'><strong>‘l&#39;e</strong></span> <span class='ocrx_word' id='word_1_12' title='bbox 143 594 269 656; x_wconf 85' lang='lat' dir='ltr'><strong>custode</strong></span> <span class='ocrx_word' id='word_1_13' title='bbox 282 593 336 674; x_wconf 91' lang='lat' dir='ltr'><strong>pio</strong></span> <span class='ocrx_word' id='word_1_14' title='bbox 349 613 503 673; x_wconf 89' lang='lat' dir='ltr'><strong>nunquam</strong></span> <span class='ocrx_word' id='word_1_15' title='bbox 516 593 604 675; x_wconf 87' lang='lat' dir='ltr'><strong>lupos</strong></span> <span class='ocrx_word' id='word_1_16' title='bbox 617 594 737 654; x_wconf 88' lang='lat' dir='ltr'><strong>abstulit</strong></span> <span class='ocrx_word' id='word_1_17' title='bbox 750 613 874 676; x_wconf 74' lang='lat' dir='ltr'><strong>agnum,</strong></span> 
     </span>
     <span class='ocr_line' id='line_1_4' title="bbox 127 685 778 770; baseline 0 -22"><span class='ocrx_word' id='word_1_18' title='bbox 127 685 199 748; x_wconf 88' lang='lat' dir='ltr'><strong>Nec</strong></span> <span class='ocrx_word' id='word_1_19' title='bbox 211 689 249 746; x_wconf 86' lang='lat' dir='ltr'><strong>de</strong></span> <span class='ocrx_word' id='word_1_20' title='bbox 262 687 330 746; x_wconf 80' lang='lat' dir='ltr'><strong>lure</strong></span> <span class='ocrx_word' id='word_1_21' title='bbox 342 688 450 750; x_wconf 87' lang='lat' dir='ltr'><strong>timens</strong></span> <span class='ocrx_word' id='word_1_22' title='bbox 463 707 572 768; x_wconf 86' lang='lat' dir='ltr'><strong>pascua</strong></span> <span class='ocrx_word' id='word_1_23' title='bbox 585 688 695 770; x_wconf 81' lang='lat' dir='ltr'>carpsit</span> <span class='ocrx_word' id='word_1_24' title='bbox 706 688 778 750; x_wconf 90' lang='lat' dir='ltr'><strong>ovis.</strong></span> 
     </span>
    </p>

    <p class='ocr_par' dir='ltr' id='par_1_4' title="bbox 90 778 869 961">
     <span class='ocr_line' id='line_1_5' title="bbox 90 778 869 865; baseline 0.005 -24"><span class='ocrx_word' id='word_1_25' title='bbox 90 778 149 841; x_wconf 85' lang='lat' dir='ltr'><strong>Sex</strong></span> <span class='ocrx_word' id='word_1_26' title='bbox 158 781 209 860; x_wconf 89' lang='lat' dir='ltr'><strong>qui</strong></span> <span class='ocrx_word' id='word_1_27' title='bbox 219 780 311 842; x_wconf 86' lang='lat' dir='ltr'><strong>lustra</strong></span> <span class='ocrx_word' id='word_1_28' title='bbox 323 800 427 863; x_wconf 83' lang='lat' dir='ltr'><strong>gerens</strong></span> <span class='ocrx_word' id='word_1_29' title='bbox 440 795 469 841; x_wconf 85' lang='lat' dir='ltr'><strong>et</strong></span> <span class='ocrx_word' id='word_1_30' title='bbox 481 803 538 864; x_wconf 90' lang='lat' dir='ltr'><strong>per</strong></span> <span class='ocrx_word' id='word_1_31' title='bbox 547 796 607 843; x_wconf 89' lang='lat' dir='ltr'><strong>tres</strong></span> <span class='ocrx_word' id='word_1_32' title='bbox 621 784 743 865; x_wconf 88' lang='lat' dir='ltr'><strong>insuper</strong></span> <span class='ocrx_word' id='word_1_33' title='bbox 755 799 869 860; x_wconf 77' lang='lat' dir='ltr'><strong>annos‚&#39;</strong></span> 
     </span>
     <span class='ocr_line' id='line_1_6' title="bbox 128 873 752 961; baseline 0.003 -25"><span class='ocrx_word' id='word_1_34' title='bbox 128 873 246 936; x_wconf 84' lang='lat' dir='ltr'><strong>Rexisti</strong></span> <span class='ocrx_word' id='word_1_35' title='bbox 259 873 378 956; x_wconf 83' lang='lat' dir='ltr'><strong>placido</strong></span> <span class='ocrx_word' id='word_1_36' title='bbox 391 886 494 956; x_wconf 87' lang='lat' dir='ltr'><strong>pastor</strong></span> <span class='ocrx_word' id='word_1_37' title='bbox 505 894 610 937; x_wconf 86' lang='lat' dir='ltr'><strong>amore</strong></span> <span class='ocrx_word' id='word_1_38' title='bbox 621 897 752 961; x_wconf 78' lang='lat' dir='ltr'><strong>gregem.</strong></span> 
     </span>
    </p>

    <p class='ocr_par' dir='ltr' id='par_1_5' title="bbox 83 969 779 1148">
     <span class='ocr_line' id='line_1_7' title="bbox 83 969 779 1052; baseline 0.003 -19"><span class='ocrx_word' id='word_1_39' title='bbox 83 969 170 1033; x_wconf 83' lang='lat' dir='ltr'><strong>Nam</strong></span> <span class='ocrx_word' id='word_1_40' title='bbox 183 982 216 1030; x_wconf 89' lang='lat' dir='ltr'><strong>ut</strong></span> <span class='ocrx_word' id='word_1_41' title='bbox 227 969 423 1031; x_wconf 82' lang='lat' dir='ltr'><strong>condirentur</strong></span> <span class='ocrx_word' id='word_1_42' title='bbox 436 969 538 1029; x_wconf 88' lang='lat' dir='ltr'><strong>divino</strong></span> <span class='ocrx_word' id='word_1_43' title='bbox 551 973 643 1032; x_wconf 87' lang='lat' dir='ltr'><strong>corda</strong></span> <span class='ocrx_word' id='word_1_44' title='bbox 655 991 779 1052; x_wconf 87' lang='lat' dir='ltr'><strong>sapore,</strong></span> 
     </span>
     <span class='ocr_line' id='line_1_8' title="bbox 126 1063 680 1148; baseline 0 -24"><span class='ocrx_word' id='word_1_45' title='bbox 126 1063 249 1126; x_wconf 84' lang='lat' dir='ltr'><strong>Fudisti</strong></span> <span class='ocrx_word' id='word_1_46' title='bbox 260 1063 376 1126; x_wconf 86' lang='lat' dir='ltr'><strong>dulcem</strong></span> <span class='ocrx_word' id='word_1_47' title='bbox 389 1065 498 1148; x_wconf 84' lang='lat' dir='ltr'><strong>jugiter</strong></span> <span class='ocrx_word' id='word_1_48' title='bbox 512 1085 564 1126; x_wconf 89' lang='lat' dir='ltr'><strong>ore</strong></span> <span class='ocrx_word' id='word_1_49' title='bbox 578 1064 680 1126; x_wconf 85' lang='lat' dir='ltr'><strong>salem.</strong></span> 
     </span>
    </p>

    <p class='ocr_par' dir='ltr' id='par_1_6' title="bbox 88 1157 959 1329">
     <span class='ocr_line' id='line_1_9' title="bbox 88 1157 959 1243; baseline 0.005 -23"><span class='ocrx_word' id='word_1_50' title='bbox 88 1159 234 1220; x_wconf 86' lang='lat' dir='ltr'><strong>Summos</strong></span> <span class='ocrx_word' id='word_1_51' title='bbox 242 1179 330 1220; x_wconf 87' lang='lat' dir='ltr'><strong>amor</strong></span> <span class='ocrx_word' id='word_1_52' title='bbox 337 1180 452 1243; x_wconf 81' lang='lat' dir='ltr'><strong>regum,</strong></span> <span class='ocrx_word' id='word_1_53' title='bbox 462 1157 569 1241; x_wconf 90' lang='lat' dir='ltr'><strong>populi</strong></span> <span class='ocrx_word' id='word_1_54' title='bbox 580 1160 680 1234; x_wconf 84' lang='lat' dir='ltr'><strong>decus,</strong></span> <span class='ocrx_word' id='word_1_55' title='bbox 689 1179 773 1220; x_wconf 78' lang='lat' dir='ltr'><strong>arma</strong></span> <span class='ocrx_word' id='word_1_56' title='bbox 783 1174 959 1242; x_wconf 68' lang='lat' dir='ltr'><strong>parentum,</strong></span> 
     </span>
     <span class='ocr_line' id='line_1_10' title="bbox 127 1252 708 1329; baseline -0.005 -13"><span class='ocrx_word' id='word_1_57' title='bbox 127 1253 275 1316; x_wconf 73' lang='lat' dir='ltr'><strong>Ecclesiae</strong></span> <span class='ocrx_word' id='word_1_58' title='bbox 287 1252 400 1329; x_wconf 84' lang='lat' dir='ltr'><strong>cultor,</strong></span> <span class='ocrx_word' id='word_1_59' title='bbox 415 1253 580 1314; x_wconf 77' lang='lat' dir='ltr'><strong>nobilitatis</strong></span> <span class='ocrx_word' id='word_1_60' title='bbox 592 1253 708 1313; x_wconf 73' lang='lat' dir='ltr'><strong>honora</strong></span> 
     </span>
    </p>

    <p class='ocr_par' dir='ltr' id='par_1_7' title="bbox 85 1347 879 1523">
     <span class='ocr_line' id='line_1_11' title="bbox 85 1347 879 1431; baseline -0.004 -19"><span class='ocrx_word' id='word_1_61' title='bbox 85 1347 166 1412; x_wconf 72' lang='lat' dir='ltr'><strong>Esca</strong></span> <span class='ocrx_word' id='word_1_62' title='bbox 179 1349 326 1431; x_wconf 86' lang='lat' dir='ltr'><strong>inopum,</strong></span> <span class='ocrx_word' id='word_1_63' title='bbox 343 1360 425 1409; x_wconf 84' lang='lat' dir='ltr'><strong>tutor</strong></span> <span class='ocrx_word' id='word_1_64' title='bbox 436 1348 610 1423; x_wconf 85' lang='lat' dir='ltr'><strong>viduarum,</strong></span> <span class='ocrx_word' id='word_1_65' title='bbox 623 1348 879 1426; x_wconf 64' lang='lat' dir='ltr'><strong>carentinorum,</strong></span> 
     </span>
     <span class='ocr_line' id='line_1_12' title="bbox 130 1441 727 1523; baseline 0 -19"><span class='ocrx_word' id='word_1_66' title='bbox 130 1441 288 1504; x_wconf 83' lang='lat' dir='ltr'><strong>Omnibus</strong></span> <span class='ocrx_word' id='word_1_67' title='bbox 299 1441 406 1504; x_wconf 88' lang='lat' dir='ltr'><strong>officiis</strong></span> <span class='ocrx_word' id='word_1_68' title='bbox 419 1441 523 1503; x_wconf 88' lang='lat' dir='ltr'><strong>omnia</strong></span> <span class='ocrx_word' id='word_1_69' title='bbox 535 1454 639 1523; x_wconf 88' lang='lat' dir='ltr'><strong>pastor</strong></span> <span class='ocrx_word' id='word_1_70' title='bbox 652 1461 727 1504; x_wconf 88' lang='lat' dir='ltr'><strong>eras.</strong></span> 
     </span>
    </p>

    <p class='ocr_par' dir='ltr' id='par_1_8' title="bbox 93 1533 807 1714">
     <span class='ocr_line' id='line_1_13' title="bbox 93 1533 799 1618; baseline 0.001 -21"><span class='ocrx_word' id='word_1_71' title='bbox 93 1533 152 1597; x_wconf 83' lang='lat' dir='ltr'><strong>Sed</strong></span> <span class='ocrx_word' id='word_1_72' title='bbox 164 1537 212 1598; x_wconf 89' lang='lat' dir='ltr'><strong>cui</strong></span> <span class='ocrx_word' id='word_1_73' title='bbox 224 1536 380 1618; x_wconf 72' lang='lat' dir='ltr'><strong>praebebat</strong></span> <span class='ocrx_word' id='word_1_74' title='bbox 391 1536 473 1596; x_wconf 83' lang='lat' dir='ltr'><strong>varie</strong></span> <span class='ocrx_word' id='word_1_75' title='bbox 483 1548 534 1597; x_wconf 89' lang='lat' dir='ltr'><strong>tua</strong></span> <span class='ocrx_word' id='word_1_76' title='bbox 547 1556 618 1598; x_wconf 84' lang='lat' dir='ltr'><strong>cora</strong></span> <span class='ocrx_word' id='word_1_77' title='bbox 630 1537 799 1614; x_wconf 84' lang='lat' dir='ltr'><strong>medelam,</strong></span> 
     </span>
     <span class='ocr_line' id='line_1_14' title="bbox 130 1629 807 1714; baseline 0.003 -24"><span class='ocrx_word' id='word_1_78' title='bbox 130 1629 254 1691; x_wconf 87' lang='lat' dir='ltr'><strong>Funere</strong></span> <span class='ocrx_word' id='word_1_79' title='bbox 265 1630 390 1691; x_wconf 85' lang='lat' dir='ltr'><strong>rectoris</strong></span> <span class='ocrx_word' id='word_1_80' title='bbox 402 1629 488 1711; x_wconf 87' lang='lat' dir='ltr'><strong>plebs</strong></span> <span class='ocrx_word' id='word_1_81' title='bbox 501 1631 595 1691; x_wconf 89' lang='lat' dir='ltr'><strong>modo</strong></span> <span class='ocrx_word' id='word_1_82' title='bbox 608 1631 692 1693; x_wconf 90' lang='lat' dir='ltr'><strong>triste</strong></span> <span class='ocrx_word' id='word_1_83' title='bbox 705 1633 807 1714; x_wconf 82' lang='lat' dir='ltr'><strong>gemit.</strong></span> 
     </span>
    </p>

    <p class='ocr_par' dir='ltr' id='par_1_9' title="bbox 87 1723 957 1902">
     <span class='ocr_line' id='line_1_15' title="bbox 87 1723 957 1810; baseline 0.006 -25"><span class='ocrx_word' id='word_1_84' title='bbox 87 1723 160 1787; x_wconf 88' lang='lat' dir='ltr'><strong>lloe</strong></span> <span class='ocrx_word' id='word_1_85' title='bbox 173 1737 297 1800; x_wconf 81' lang='lat' dir='ltr'><strong>tamen,</strong></span> <span class='ocrx_word' id='word_1_86' title='bbox 311 1723 390 1785; x_wconf 85' lang='lat' dir='ltr'><strong>alme</strong></span> <span class='ocrx_word' id='word_1_87' title='bbox 403 1737 505 1806; x_wconf 78' lang='lat' dir='ltr'><strong>pater,</strong></span> <span class='ocrx_word' id='word_1_88' title='bbox 519 1744 690 1805; x_wconf 80' lang='lat' dir='ltr'><strong>speramus3</strong></span> <span class='ocrx_word' id='word_1_89' title='bbox 707 1727 811 1810; x_wconf 79' lang='lat' dir='ltr'><strong>(lignus</strong></span> <span class='ocrx_word' id='word_1_90' title='bbox 824 1727 855 1789; x_wconf 91' lang='lat' dir='ltr'><strong>in</strong></span> <span class='ocrx_word' id='word_1_91' title='bbox 865 1727 957 1792; x_wconf 85' lang='lat' dir='ltr'><strong>astris</strong></span> 
     </span>
     <span class='ocr_line' id='line_1_16' title="bbox 127 1818 798 1902; baseline 0.006 -23"><span class='ocrx_word' id='word_1_92' title='bbox 127 1818 242 1900; x_wconf 86' lang='lat' dir='ltr'><strong>Qualis</strong></span> <span class='ocrx_word' id='word_1_93' title='bbox 251 1819 369 1879; x_wconf 87' lang='lat' dir='ltr'><strong>bonore</strong></span> <span class='ocrx_word' id='word_1_94' title='bbox 381 1818 477 1896; x_wconf 87' lang='lat' dir='ltr'><strong>nites,</strong></span> <span class='ocrx_word' id='word_1_95' title='bbox 491 1818 541 1881; x_wconf 93' lang='lat' dir='ltr'><strong>hic</strong></span> <span class='ocrx_word' id='word_1_96' title='bbox 554 1819 664 1900; x_wconf 85' lang='lat' dir='ltr'><strong>pietate</strong></span> <span class='ocrx_word' id='word_1_97' title='bbox 677 1821 798 1902; x_wconf 90' lang='lat' dir='ltr'><strong>probas.</strong></span> 
     </span>
    </p>
   </div>
   <div class='ocr_carea' id='block_1_3' title="bbox 171 1966 888 2105">
    <p class='ocr_par' dir='ltr' id='par_1_10' title="bbox 171 1966 888 2105">
     <span class='ocr_line' id='line_1_17' title="bbox 171 1966 888 2028; baseline 0.011 -8"><span class='ocrx_word' id='word_1_98' title='bbox 171 1968 223 2020; x_wconf 84' lang='lat' dir='ltr'><strong>IV.</strong></span> <span class='ocrx_word' id='word_1_99' title='bbox 247 1966 519 2022; x_wconf 81' lang='lat' dir='ltr'><strong>EPITAPHIUM</strong></span> <span class='ocrx_word' id='word_1_100' title='bbox 541 1970 668 2024; x_wconf 80' lang='lat' dir='ltr'><strong>GALLI</strong></span> <span class='ocrx_word' id='word_1_101' title='bbox 691 1971 888 2028; x_wconf 86' lang='lat' dir='ltr'><strong>EPISGOPI</strong></span> 
     </span>
     <span class='ocr_line' id='line_1_18' title="bbox 315 2058 755 2105; baseline 0.018 -9"><span class='ocrx_word' id='word_1_102' title='bbox 315 2058 540 2100; x_wconf 75' lang='lat' dir='ltr'><strong>esvnnmom</strong></span> <span class='ocrx_word' id='word_1_103' title='bbox 565 2061 755 2105; x_wconf 75' lang='lat' dir='ltr'><strong>csvrrarrs.</strong></span> 
     </span>
    </p>
   </div>
   <div class='ocr_carea' id='block_1_4' title="bbox 84 2157 896 3380">
    <p class='ocr_par' dir='ltr' id='par_1_11' title="bbox 87 2157 886 2361">
     <span class='ocr_line' id='line_1_19' title="bbox 87 2157 886 2271; baseline 0.016 -31"><span class='ocrx_word' id='word_1_104' title='bbox 87 2157 218 2241; x_wconf 81' lang='lat' dir='ltr'><strong>llosrrs</strong></span> <span class='ocrx_word' id='word_1_105' title='bbox 231 2178 350 2260; x_wconf 88' lang='lat' dir='ltr'><strong>iniquus</strong></span> <span class='ocrx_word' id='word_1_106' title='bbox 362 2179 465 2241; x_wconf 82' lang='lat' dir='ltr'><strong>Adam</strong></span> <span class='ocrx_word' id='word_1_107' title='bbox 475 2182 613 2263; x_wconf 81' lang='lat' dir='ltr'><strong>paradiso</strong></span> <span class='ocrx_word' id='word_1_108' title='bbox 627 2183 731 2246; x_wconf 81' lang='lat' dir='ltr'><strong>fraude</strong></span> <span class='ocrx_word' id='word_1_109' title='bbox 742 2188 886 2271; x_wconf 49' lang='lat' dir='ltr'><strong>repelliss.</strong></span> 
     </span>
     <span class='ocr_line' id='line_1_20' title="bbox 126 2273 783 2361; baseline 0.002 -26"><span class='ocrx_word' id='word_1_110' title='bbox 126 2273 210 2336; x_wconf 87' lang='lat' dir='ltr'><strong>Ecce</strong></span> <span class='ocrx_word' id='word_1_111' title='bbox 224 2273 309 2335; x_wconf 86' lang='lat' dir='ltr'><strong>Deos</strong></span> <span class='ocrx_word' id='word_1_112' title='bbox 322 2274 575 2357; x_wconf 82' lang='lat' dir='ltr'><strong>famulis-praestat</strong></span> <span class='ocrx_word' id='word_1_113' title='bbox 587 2278 670 2340; x_wconf 83' lang='lat' dir='ltr'><strong>adire</strong></span> <span class='ocrx_word' id='word_1_114' title='bbox 681 2280 783 2361; x_wconf 64' lang='lat' dir='ltr'><strong>polos,</strong></span> 
     </span>
    </p>

    <p class='ocr_par' dir='ltr' id='par_1_12' title="bbox 86 2366 847 2544">
     <span class='ocr_line' id='line_1_21' title="bbox 86 2366 847 2456; baseline 0.011 -28"><span class='ocrx_word' id='word_1_115' title='bbox 86 2366 212 2444; x_wconf 84' lang='lat' dir='ltr'><strong>Invide,</strong></span> <span class='ocrx_word' id='word_1_116' title='bbox 227 2369 270 2430; x_wconf 89' lang='lat' dir='ltr'><strong>sic</strong></span> <span class='ocrx_word' id='word_1_117' title='bbox 283 2381 333 2429; x_wconf 87' lang='lat' dir='ltr'><strong>toa</strong></span> <span class='ocrx_word' id='word_1_118' title='bbox 346 2389 430 2430; x_wconf 92' lang='lat' dir='ltr'><strong>mors</strong></span> <span class='ocrx_word' id='word_1_119' title='bbox 442 2370 561 2431; x_wconf 87' lang='lat' dir='ltr'><strong>homini</strong></span> <span class='ocrx_word' id='word_1_120' title='bbox 574 2373 703 2434; x_wconf 86' lang='lat' dir='ltr'><strong>meliora</strong></span> <span class='ocrx_word' id='word_1_121' title='bbox 716 2376 847 2456; x_wconf 77' lang='lat' dir='ltr'><strong>paravit,</strong></span> 
     </span>
     <span class='ocr_line' id='line_1_22' title="bbox 128 2462 772 2544; baseline 0.012 -22"><span class='ocrx_word' id='word_1_122' title='bbox 128 2462 178 2522; x_wconf 87' lang='lat' dir='ltr'><strong>&#39;l&#39;u</strong></span> <span class='ocrx_word' id='word_1_123' title='bbox 191 2462 316 2544; x_wconf 83' lang='lat' dir='ltr'><strong>expellis</strong></span> <span class='ocrx_word' id='word_1_124' title='bbox 329 2464 435 2539; x_wconf 86' lang='lat' dir='ltr'><strong>terris,</strong></span> <span class='ocrx_word' id='word_1_125' title='bbox 449 2464 499 2527; x_wconf 87' lang='lat' dir='ltr'><strong>bic</strong></span> <span class='ocrx_word' id='word_1_126' title='bbox 513 2465 562 2526; x_wconf 84' lang='lat' dir='ltr'><strong>dat</strong></span> <span class='ocrx_word' id='word_1_127' title='bbox 576 2479 606 2528; x_wconf 89' lang='lat' dir='ltr'><strong>et</strong></span> <span class='ocrx_word' id='word_1_128' title='bbox 618 2481 694 2528; x_wconf 87' lang='lat' dir='ltr'><strong>astra</strong></span> <span class='ocrx_word' id='word_1_129' title='bbox 702 2469 772 2530; x_wconf 89' lang='lat' dir='ltr'><strong>suis.</strong></span> 
     </span>
    </p>

    <p class='ocr_par' dir='ltr' id='par_1_13' title="bbox 87 2556 803 2738">
     <span class='ocr_line' id='line_1_23' title="bbox 87 2556 803 2643; baseline 0.007 -26"><span class='ocrx_word' id='word_1_130' title='bbox 87 2556 185 2619; x_wconf 90' lang='lat' dir='ltr'><strong>Testis</strong></span> <span class='ocrx_word' id='word_1_131' title='bbox 197 2571 228 2618; x_wconf 86' lang='lat' dir='ltr'><strong>et</strong></span> <span class='ocrx_word' id='word_1_132' title='bbox 240 2557 360 2619; x_wconf 87' lang='lat' dir='ltr'><strong>antistes</strong></span> <span class='ocrx_word' id='word_1_133' title='bbox 373 2558 479 2620; x_wconf 88' lang='lat' dir='ltr'><strong>Gallus</strong></span> <span class='ocrx_word' id='word_1_134' title='bbox 493 2561 602 2643; x_wconf 88' lang='lat' dir='ltr'><strong>probat</strong></span> <span class='ocrx_word' id='word_1_135' title='bbox 614 2563 668 2624; x_wconf 86' lang='lat' dir='ltr'><strong>ista</strong></span> <span class='ocrx_word' id='word_1_136' title='bbox 678 2563 782 2628; x_wconf 87' lang='lat' dir='ltr'><strong>beatus</strong></span> <span class='ocrx_word' id='word_1_137' title='bbox 788 2608 803 2642; x_wconf 29' lang='lat'><strong>,⁴</strong></span> 
     </span>
     <span class='ocr_line' id='line_1_24' title="bbox 126 2651 733 2738; baseline 0.01 -25"><span class='ocrx_word' id='word_1_138' title='bbox 126 2651 259 2713; x_wconf 88' lang='lat' dir='ltr'><strong>Nobilis</strong></span> <span class='ocrx_word' id='word_1_139' title='bbox 269 2652 300 2712; x_wconf 92' lang='lat' dir='ltr'><strong>io</strong></span> <span class='ocrx_word' id='word_1_140' title='bbox 313 2654 417 2730; x_wconf 87' lang='lat' dir='ltr'><strong>terris,</strong></span> <span class='ocrx_word' id='word_1_141' title='bbox 433 2653 520 2718; x_wconf 50' lang='lat' dir='ltr'><strong>dives*</strong></span> <span class='ocrx_word' id='word_1_142' title='bbox 528 2658 628 2718; x_wconf 87' lang='lat' dir='ltr'><strong>eundo</strong></span> <span class='ocrx_word' id='word_1_143' title='bbox 640 2658 733 2738; x_wconf 89' lang='lat' dir='ltr'><strong>polis..</strong></span> 
     </span>
    </p>

    <p class='ocr_par' dir='ltr' id='par_1_14' title="bbox 87 2745 887 2923">
     <span class='ocr_line' id='line_1_25' title="bbox 87 2745 887 2834; baseline 0.008 -28"><span class='ocrx_word' id='word_1_144' title='bbox 87 2745 153 2825; x_wconf 86' lang='lat' dir='ltr'><strong>Qui</strong></span> <span class='ocrx_word' id='word_1_145' title='bbox 168 2745 282 2809; x_wconf 82' lang='lat' dir='ltr'><strong>Christi</strong></span> <span class='ocrx_word' id='word_1_146' title='bbox 296 2748 405 2809; x_wconf 81' lang='lat' dir='ltr'><strong>auxilio</strong></span> <span class='ocrx_word' id='word_1_147' title='bbox 419 2749 525 2824; x_wconf 79' lang='lat' dir='ltr'><strong>fultus,</strong></span> <span class='ocrx_word' id='word_1_148' title='bbox 538 2770 597 2814; x_wconf 88' lang='lat' dir='ltr'><strong>nec</strong></span> <span class='ocrx_word' id='word_1_149' title='bbox 609 2752 887 2834; x_wconf 62' lang='lat' dir='ltr'><strong>adultus-ioannis,</strong></span> 
     </span>
     <span class='ocr_line' id='line_1_26' title="bbox 127 2837 727 2923; baseline 0.012 -22"><span class='ocrx_word' id='word_1_150' title='bbox 127 2837 170 2902; x_wconf 87' lang='lat' dir='ltr'><strong>Se</strong></span> <span class='ocrx_word' id='word_1_151' title='bbox 182 2842 303 2922; x_wconf 86' lang='lat' dir='ltr'><strong>majora</strong></span> <span class='ocrx_word' id='word_1_152' title='bbox 312 2854 417 2923; x_wconf 87' lang='lat' dir='ltr'><strong>petens</strong></span> <span class='ocrx_word' id='word_1_153' title='bbox 429 2843 492 2903; x_wconf 90' lang='lat' dir='ltr'><strong>odit</strong></span> <span class='ocrx_word' id='word_1_154' title='bbox 505 2864 606 2905; x_wconf 72' lang='lat' dir='ltr'><strong>aeream</strong></span> <span class='ocrx_word' id='word_1_155' title='bbox 617 2843 727 2909; x_wconf 83' lang='lat' dir='ltr'><strong>Lares..</strong></span> 
     </span>
    </p>

    <p class='ocr_par' dir='ltr' id='par_1_15' title="bbox 84 2935 896 3121">
     <span class='ocr_line' id='line_1_27' title="bbox 84 2935 893 3025; baseline 0.011 -28"><span class='ocrx_word' id='word_1_156' title='bbox 84 2935 204 3019; x_wconf 77' lang='lat' dir='ltr'><strong>Effugit</strong></span> <span class='ocrx_word' id='word_1_157' title='bbox 217 2936 370 3018; x_wconf 85' lang='lat' dir='ltr'><strong>amplexus</strong></span> <span class='ocrx_word' id='word_1_158' title='bbox 383 2938 512 3018; x_wconf 86' lang='lat' dir='ltr'><strong>patrios,</strong></span> <span class='ocrx_word' id='word_1_159' title='bbox 528 2953 716 3022; x_wconf 86' lang='lat' dir='ltr'><strong>matremque</strong></span> <span class='ocrx_word' id='word_1_160' title='bbox 730 2944 871 3025; x_wconf 86' lang='lat' dir='ltr'><strong>relinquit</strong></span> <span class='ocrx_word' id='word_1_161' title='bbox 878 2989 893 3023; x_wconf 86' lang='grc'><strong>,.</strong></span> 
     </span>
     <span class='ocr_line' id='line_1_28' title="bbox 129 3029 896 3121; baseline 0.013 -31"><span class='ocrx_word' id='word_1_162' title='bbox 129 3029 197 3109; x_wconf 86' lang='lat' dir='ltr'><strong>Qui</strong></span> <span class='ocrx_word' id='word_1_163' title='bbox 212 3031 393 3093; x_wconf 85' lang='lat' dir='ltr'><strong>monachum</strong></span> <span class='ocrx_word' id='word_1_164' title='bbox 404 3045 519 3116; x_wconf 83' lang='lat' dir='ltr'><strong>regeret</strong></span> <span class='ocrx_word' id='word_1_165' title='bbox 532 3034 673 3112; x_wconf 87' lang='lat' dir='ltr'><strong>quaeritur</strong></span> <span class='ocrx_word' id='word_1_166' title='bbox 686 3037 762 3100; x_wconf 89' lang='lat' dir='ltr'><strong>abba</strong></span> <span class='ocrx_word' id='word_1_167' title='bbox 773 3059 896 3121; x_wconf 78' lang='lat' dir='ltr'><strong>pareus.</strong></span> 
     </span>
    </p>

    <p class='ocr_par' dir='ltr' id='par_1_16' title="bbox 85 3123 733 3308">
     <span class='ocr_line' id='line_1_29' title="bbox 85 3123 733 3210; baseline 0.011 -24"><span class='ocrx_word' id='word_1_168' title='bbox 85 3123 157 3186; x_wconf 89' lang='lat' dir='ltr'><strong>lllic</strong></span> <span class='ocrx_word' id='word_1_169' title='bbox 167 3137 236 3209; x_wconf 83' lang='lat' dir='ltr'><strong>tyro</strong></span> <span class='ocrx_word' id='word_1_170' title='bbox 249 3126 331 3186; x_wconf 85' lang='lat' dir='ltr'><strong>rudis</strong></span> <span class='ocrx_word' id='word_1_171' title='bbox 342 3146 488 3208; x_wconf 83' lang='lat' dir='ltr'><strong>generoso</strong></span> <span class='ocrx_word' id='word_1_172' title='bbox 502 3129 590 3210; x_wconf 87' lang='lat' dir='ltr'><strong>caepit</strong></span> <span class='ocrx_word' id='word_1_173' title='bbox 602 3130 640 3191; x_wconf 86' lang='lat' dir='ltr'><strong>ab</strong></span> <span class='ocrx_word' id='word_1_174' title='bbox 651 3151 733 3209; x_wconf 85' lang='lat' dir='ltr'><strong>aevo,</strong></span> 
     </span>
     <span class='ocr_line' id='line_1_30' title="bbox 128 3216 714 3308; baseline 0 -26"><span class='ocrx_word' id='word_1_175' title='bbox 128 3216 255 3283; x_wconf 85' lang='lat' dir='ltr'><strong>Militiae</strong></span> <span class='ocrx_word' id='word_1_176' title='bbox 270 3219 386 3284; x_wconf 89' lang='lat' dir='ltr'><strong>domini</strong></span> <span class='ocrx_word' id='word_1_177' title='bbox 399 3220 525 3307; x_wconf 72' lang='lat' dir='ltr'><strong>belliger</strong></span> <span class='ocrx_word' id='word_1_178' title='bbox 538 3241 622 3287; x_wconf 85' lang='lat' dir='ltr'><strong>arma</strong></span> <span class='ocrx_word' id='word_1_179' title='bbox 635 3225 714 3308; x_wconf 85' lang='lat' dir='ltr'><strong>pati..</strong></span> 
     </span>
    </p>

    <p class='ocr_par' dir='ltr' id='par_1_17' title="bbox 786 3318 834 3380">
     <span class='ocr_line' id='line_1_31' title="bbox 786 3318 834 3380; baseline 0.021 -1"><span class='ocrx_word' id='word_1_180' title='bbox 786 3318 834 3380; x_wconf 68' lang='grc' dir='ltr'><strong>ιδ.</strong></span> 
     </span>
    </p>
   </div>
   <div class='ocr_carea' id='block_1_5' title="bbox 0 0 1128 3838">
    <p class='ocr_par' dir='ltr' id='par_1_18' title="bbox 0 0 1128 3838">
     <span class='ocr_line' id='line_1_32' title="bbox 0 0 1128 3838; baseline 0 0"><span class='ocrx_word' id='word_1_181' title='bbox 0 0 1128 3838; x_wconf 95' lang='lat' dir='ltr'><strong> </strong></span> 
     </span>
    </p>
   </div>
  </div>
 </body>
</html>
