2222 3852
280 352 669 412 rosrrrrurrrrnrr
694 359 748 415 rr.
897 373 954 439 191

49 437 51 440 ’
101 442 228 506 Diffuso
242 443 367 507 interius
378 447 499 529 spiritus
513 449 580 532 igne
592 450 716 514 micans.

58 535 145 598 Tum
155 539 215 601 sibi
228 539 324 618 qualis
338 555 401 602 erat
414 555 475 602 tam
488 562 559 606 vera
572 541 747 609 holocausta
759 547 901 630 ferendo,

105 633 189 698 Cum
200 633 277 695 libat
289 634 357 695 vivo
366 635 463 697 hostia
475 637 541 699 viva
553 636 640 698 Deo!

65 728 101 790 Si
111 727 284 812 patriarcha
295 728 409 810 placet,
423 731 567 812 quoniam
580 743 684 793 nalum
698 735 808 798 obtulit
822 760 933 819 unum,

109 821 174 903 Qui
184 835 288 884 tantos
300 822 390 884 olsert
403 844 494 904 quarn
504 825 669 905 placiturus
682 828 755 890 erit!

65 917 191 1004 Moyses
204 937 271 976 non
285 916 377 978 valuit
389 917 459 979 fidei
472 939 548 998 quos
560 920 686 982 subdere
698 935 825 1001 nostrae,

104 1011 174 1092 Qui
191 1009 316 1072 Christo
330 1011 473 1090 acquirit,
488 1012 569 1090 quod
582 1013 640 1073 sihi
654 1035 761 1077 munus
775 1019 857 1084 erit?

66 1105 160 1168 Fudit
172 1105 375 1166 aromaticum
388 1105 506 1166 domini
519 1105 653 1167 libamen
667 1110 704 1168 ad
717 1129 821 1190 aram,

110 1201 333 1278 lucensumque
345 1219 459 1260 norum
472 1200 555 1260 misit
568 1201 605 1261 ad
617 1214 695 1263 astra
706 1202 788 1267 Deo.

73 1292 216 1356 obtinuit
228 1306 348 1369 votum,
364 1293 433 1372 quia
447 1314 523 1355 verae
536 1295 630 1376 junxit
644 1295 753 1373 olivae,

107 1387 151 1448 Et
163 1407 252 1471 grege
267 1387 303 1447 de
317 1387 407 1448 niveo
419 1387 524 1470 gaudia
537 1400 641 1469 pastor
654 1387 755 1451 habet.

69 1481 148 1544 Haec
160 1479 276 1543 inculta
290 1481 346 1540 tibi
359 1494 483 1561 reputa,
497 1493 583 1562 paler
596 1481 675 1544 alme
690 1482 838 1568 Gregori,

115 1574 178 1656 Qui
191 1574 363 1635 Fortunato
377 1596 439 1636 non
454 1575 579 1636 valitura
591 1577 686 1659 jubes.

73 1669 159 1732 Adde
169 1670 255 1750 quod
268 1668 404 1752 exiguum
416 1689 465 1730 me
479 1668 611 1750 portitor
622 1670 744 1750 impulit
756 1671 885 1752 instans,

110 1763 154 1826 Et
165 1765 255 1825 datur
268 1763 300 1823 in
311 1763 413 1844 spatiis
426 1764 473 1825 rix
484 1763 634 1847 geminata
647 1765 719 1825 dies.

70 1858 227 1922 Novimus
239 1857 350 1920 affectu
361 1858 460 1939 potius
472 1857 555 1939 quod
568 1857 665 1940 diligis
677 1858 782 1935 illum,
818 1897 819 1901 =

115 1952 213 2015 Hune
225 1972 315 2032 quern
329 1952 420 2014 eorde
431 1952 529 2027 vides,
544 1972 666 2033 semper
678 1964 708 2014 et
720 1972 772 2012 ore
785 1965 880 2016 tenes.

75 2045 148 2110 Hoc
159 2045 219 2106 ribi
231 2066 288 2108 nec
302 2045 370 2107 salis
382 2058 442 2122 est,
453 2046 540 2128 hujus
553 2047 635 2126 quod
649 2067 680 2107 es
692 2046 756 2127 ipse
768 2047 896 2125 relator,

116 2139 291 2221 Compellis
304 2139 437 2220 reliquos
449 2138 593 2222 plaudere
606 2160 681 2202 voce
694 2140 763 2200 sibi.

75 2233 150 2297 Non
162 2233 223 2294 fuir
236 2233 268 2293 in
281 2253 424 2310 vacuum,
438 2235 521 2315 quod
533 2246 562 2294 te
574 2235 710 2315 provexit
721 2233 895 2313 alumnum,
965 2247 967 2256 ’

117 2327 171 2392 sie
183 2327 234 2390 cui
247 2340 348 2389 mente
361 2328 469 2404 fidem,
483 2328 583 2390 reddis
595 2349 700 2389 amore
713 2329 820 2390 vicem.
841 2337 850 2350 '

79 2421 205 2485 Annuat
216 2421 410 2503 omnipotens
420 2421 510 2504 longo
524 2422 732 2483 memoraliter
744 2440 824 2498 aevn,

119 2515 165 2576 Ut
177 2529 212 2578 tu
224 2515 289 2577 laus
301 2515 364 2593 illi,
378 2515 442 2577 laus
455 2516 493 2576 sit
505 2529 535 2577 et
547 2516 598 2577 ille
611 2516 677 2577 tibi.

77 2609 134 2673 Me
148 2630 270 2692 quoque
283 2629 336 2671 vos
348 2609 497 2671 humilem
507 2610 621 2692 pariter
634 2608 808 2671 memoretis
821 2609 957 2692 utrique,¹

118 2703 161 2766 Et
175 2724 235 2786 pro
248 2724 302 2787 spe
316 2704 409 2766 reniae
420 2723 494 2766 voce
507 2702 608 2765 feralis
621 2724 723 2785 opem.

111 2859 186 2912 xxl.
203 2857 254 2910 ln
270 2856 429 2914 FELICEM
448 2856 658 2912 EPlSCOPUM
675 2856 929 2913 NAMNETchM.

81 2957 213 3043 Sermo
226 2998 344 3040 summe
355 2990 456 3061 pater,
471 2977 575 3040 lumen
587 2978 759 3041 venerabile
773 2977 908 3053 eunetis,

83 3075 181 3138 Orbis
192 3073 279 3135 dulce
293 3086 399 3155 caput,
412 3072 490 3134 mihi
500 3093 614 3134 nomen
625 3071 755 3133 amabile
770 3070 872 3132 Felix:

80 3168 282 3253 Amplectens
294 3187 385 3248 quem
400 3168 491 3232 corde
503 3187 576 3251 gero
588 3166 708 3249 pietatis
719 3165 751 3226 in
764 3163 858 3246 uluis,
