<?xml version="1.0" encoding="UTF-8"?>
<!DOCTYPE html PUBLIC "-//W3C//DTD XHTML 1.0 Transitional//EN"
    "http://www.w3.org/TR/xhtml1/DTD/xhtml1-transitional.dtd">
<html xmlns="http://www.w3.org/1999/xhtml" xml:lang="en" lang="en">
 <head>
  <title>
</title>
<meta http-equiv="Content-Type" content="text/html;charset=utf-8" />
  <meta name='ocr-system' content='tesseract 3.04.00' />
  <meta name='ocr-capabilities' content='ocr_page ocr_carea ocr_par ocr_line ocrx_word'/>
</head>
<body>
  <div class='ocr_page' id='page_1' title='image "./venantiihonorii00unkngoog_0083.png"; bbox 0 0 2222 3844; ppageno 0'>
   <div class='ocr_carea' id='block_1_1' title="bbox 182 287 971 401">
    <p class='ocr_par' dir='ltr' id='par_1_1' title="bbox 182 287 971 401">
     <span class='ocr_line' id='line_1_1' title="bbox 182 287 971 401; baseline 0.006 -44"><span class='ocrx_word' id='word_1_1' title='bbox 182 304 234 357; x_wconf 82' lang='lat' dir='ltr'>nn</span> <span class='ocrx_word' id='word_1_2' title='bbox 257 303 368 360; x_wconf 73' lang='lat' dir='ltr'>vmi&#39;</span> <span class='ocrx_word' id='word_1_3' title='bbox 386 307 415 362; x_wconf 93' lang='lat' dir='ltr'>s.</span> <span class='ocrx_word' id='word_1_4' title='bbox 442 299 778 365; x_wconf 68' lang='lat' dir='ltr'>utamur-maun</span> <span class='ocrx_word' id='word_1_5' title='bbox 795 313 860 368; x_wconf 77' lang='grc' dir='ltr'>-ιιι,</span> <span class='ocrx_word' id='word_1_6' title='bbox 929 287 971 401; x_wconf 60' lang='grc' dir='ltr'>67ι</span> 
     </span>
    </p>
   </div>
   <div class='ocr_carea' id='block_1_2' title="bbox 66 397 959 3218">
    <p class='ocr_par' dir='ltr' id='par_1_2' title="bbox 71 397 899 770">
     <span class='ocr_line' id='line_1_2' title="bbox 75 397 874 484; baseline 0.005 -21"><span class='ocrx_word' id='word_1_7' title='bbox 75 397 133 463; x_wconf 89' lang='lat' dir='ltr'>Sed</span> <span class='ocrx_word' id='word_1_8' title='bbox 148 420 205 462; x_wconf 89' lang='lat' dir='ltr'>sne</span> <span class='ocrx_word' id='word_1_9' title='bbox 219 399 394 475; x_wconf 76' lang='lat' dir='ltr'>confossus,</span> <span class='ocrx_word' id='word_1_10' title='bbox 409 401 488 464; x_wconf 83' lang='lat' dir='ltr'>bove</span> <span class='ocrx_word' id='word_1_11' title='bbox 500 415 618 484; x_wconf 84' lang='lat' dir='ltr'>pastus,</span> <span class='ocrx_word' id='word_1_12' title='bbox 631 401 708 465; x_wconf 85' lang='lat' dir='ltr'>ilore</span> <span class='ocrx_word' id='word_1_13' title='bbox 720 418 874 483; x_wconf 89' lang='lat' dir='ltr'>comatus,</span> 
     </span>
     <span class='ocr_line' id='line_1_3' title="bbox 75 494 899 579; baseline 0.008 -21"><span class='ocrx_word' id='word_1_14' title='bbox 75 494 249 577; x_wconf 87' lang='lat' dir='ltr'>Comparat</span> <span class='ocrx_word' id='word_1_15' title='bbox 261 515 332 579; x_wconf 88' lang='lat' dir='ltr'>ergo</span> <span class='ocrx_word' id='word_1_16' title='bbox 346 496 442 556; x_wconf 91' lang='lat' dir='ltr'>tribus</span> <span class='ocrx_word' id='word_1_17' title='bbox 454 509 572 559; x_wconf 83' lang='lat' dir='ltr'>sanctus</span> <span class='ocrx_word' id='word_1_18' title='bbox 584 498 642 558; x_wconf 93' lang='lat' dir='ltr'>tria</span> <span class='ocrx_word' id='word_1_19' title='bbox 653 499 781 560; x_wconf 91' lang='lat' dir='ltr'>nomina</span> <span class='ocrx_word' id='word_1_20' title='bbox 793 501 899 565; x_wconf 84' lang='lat' dir='ltr'>rebus:</span> 
     </span>
     <span class='ocr_line' id='line_1_4' title="bbox 71 589 777 674; baseline 0.007 -24"><span class='ocrx_word' id='word_1_21' title='bbox 71 589 190 674; x_wconf 86' lang='lat' dir='ltr'>Turpis</span> <span class='ocrx_word' id='word_1_22' title='bbox 204 589 344 651; x_wconf 88' lang='lat' dir='ltr'>adulterii</span> <span class='ocrx_word' id='word_1_23' title='bbox 358 591 475 672; x_wconf 90' lang='lat' dir='ltr'>species</span> <span class='ocrx_word' id='word_1_24' title='bbox 488 605 532 653; x_wconf 91' lang='lat' dir='ltr'>est</span> <span class='ocrx_word' id='word_1_25' title='bbox 543 593 623 656; x_wconf 84' lang='lat' dir='ltr'>fossa</span> <span class='ocrx_word' id='word_1_26' title='bbox 636 594 777 671; x_wconf 88' lang='lat' dir='ltr'>carectis,</span> 
     </span>
     <span class='ocr_line' id='line_1_5' title="bbox 71 683 803 770; baseline 0.01 -25"><span class='ocrx_word' id='word_1_27' title='bbox 71 683 393 767; x_wconf 85' lang='lat' dir='ltr'>Herbaqueconjogii</span> <span class='ocrx_word' id='word_1_28' title='bbox 409 686 518 746; x_wconf 78' lang='lat' dir='ltr'>retinet</span> <span class='ocrx_word' id='word_1_29' title='bbox 529 687 654 748; x_wconf 88' lang='lat' dir='ltr'>detonsa</span> <span class='ocrx_word' id='word_1_30' title='bbox 667 687 803 770; x_wconf 87' lang='lat' dir='ltr'>figuram.</span> 
     </span>
    </p>

    <p class='ocr_par' dir='ltr' id='par_1_3' title="bbox 66 777 904 1329">
     <span class='ocr_line' id='line_1_6' title="bbox 69 777 811 867; baseline 0.004 -27"><span class='ocrx_word' id='word_1_31' title='bbox 69 777 127 840; x_wconf 87' lang='lat' dir='ltr'>Est</span> <span class='ocrx_word' id='word_1_32' title='bbox 142 799 203 861; x_wconf 92' lang='lat' dir='ltr'>par</span> <span class='ocrx_word' id='word_1_33' title='bbox 217 779 382 861; x_wconf 86' lang='lat' dir='ltr'>virginibus</span> <span class='ocrx_word' id='word_1_34' title='bbox 394 779 483 840; x_wconf 86' lang='lat' dir='ltr'>violis</span> <span class='ocrx_word' id='word_1_35' title='bbox 497 801 563 861; x_wconf 83' lang='lat' dir='ltr'>quae</span> <span class='ocrx_word' id='word_1_36' title='bbox 577 794 681 842; x_wconf 86' lang='lat' dir='ltr'>vemat</span> <span class='ocrx_word' id='word_1_37' title='bbox 695 783 811 867; x_wconf 80' lang='lat' dir='ltr'>imago,</span> 
     </span>
     <span class='ocr_line' id='line_1_7' title="bbox 72 872 832 956; baseline 0.005 -22"><span class='ocrx_word' id='word_1_38' title='bbox 72 872 196 935; x_wconf 88' lang='lat' dir='ltr'>Herbis</span> <span class='ocrx_word' id='word_1_39' title='bbox 207 873 377 949; x_wconf 81' lang='lat' dir='ltr'>lnmrians,</span> <span class='ocrx_word' id='word_1_40' title='bbox 393 872 475 934; x_wconf 87' lang='lat' dir='ltr'>foeno</span> <span class='ocrx_word' id='word_1_41' title='bbox 488 888 558 956; x_wconf 89' lang='lat' dir='ltr'>apta</span> <span class='ocrx_word' id='word_1_42' title='bbox 572 886 602 936; x_wconf 91' lang='lat' dir='ltr'>et</span> <span class='ocrx_word' id='word_1_43' title='bbox 614 873 690 936; x_wconf 83' lang='lat' dir='ltr'>flore</span> <span class='ocrx_word' id='word_1_44' title='bbox 702 877 832 954; x_wconf 88' lang='lat' dir='ltr'>decora,</span> 
     </span>
     <span class='ocr_line' id='line_1_8' title="bbox 66 965 852 1052; baseline 0.006 -24"><span class='ocrx_word' id='word_1_45' title='bbox 66 966 180 1052; x_wconf 81' lang='lat' dir='ltr'>Digna</span> <span class='ocrx_word' id='word_1_46' title='bbox 193 965 284 1044; x_wconf 79' lang='lat' dir='ltr'>Deo,</span> <span class='ocrx_word' id='word_1_47' title='bbox 299 967 432 1050; x_wconf 86' lang='lat' dir='ltr'>gemmis</span> <span class='ocrx_word' id='word_1_48' title='bbox 438 969 568 1050; x_wconf 88' lang='lat' dir='ltr'>gratior,</span> <span class='ocrx_word' id='word_1_49' title='bbox 583 969 750 1030; x_wconf 78' lang='lat' dir='ltr'><strong>radiantior</strong></span> <span class='ocrx_word' id='word_1_50' title='bbox 761 984 852 1033; x_wconf 89' lang='lat' dir='ltr'>astro.</span> 
     </span>
     <span class='ocr_line' id='line_1_9' title="bbox 70 1057 901 1146; baseline 0.007 -24"><span class='ocrx_word' id='word_1_51' title='bbox 70 1060 172 1123; x_wconf 81' lang='lat' dir='ltr'><strong>Miles</strong></span> <span class='ocrx_word' id='word_1_52' title='bbox 184 1062 264 1123; x_wconf 60' lang='lat' dir='ltr'>item*</span> <span class='ocrx_word' id='word_1_53' title='bbox 274 1059 457 1124; x_wconf 80' lang='lat' dir='ltr'>monachum</span> <span class='ocrx_word' id='word_1_54' title='bbox 470 1057 621 1143; x_wconf 84' lang='lat' dir='ltr'>professus</span> <span class='ocrx_word' id='word_1_55' title='bbox 634 1063 750 1146; x_wconf 84' lang='lat' dir='ltr'>singula</span> <span class='ocrx_word' id='word_1_56' title='bbox 760 1064 901 1146; x_wconf 81' lang='lat' dir='ltr'>linquens</span> 
     </span>
     <span class='ocr_line' id='line_1_10' title="bbox 75 1153 904 1242; baseline 0.002 -24"><span class='ocrx_word' id='word_1_57' title='bbox 75 1153 222 1238; x_wconf 79' lang='lat' dir='ltr'>Coniuge</span> <span class='ocrx_word' id='word_1_58' title='bbox 235 1177 305 1217; x_wconf 90' lang='lat' dir='ltr'>com</span> <span class='ocrx_word' id='word_1_59' title='bbox 317 1156 444 1238; x_wconf 88' lang='lat' dir='ltr'>propria</span> <span class='ocrx_word' id='word_1_60' title='bbox 457 1169 587 1238; x_wconf 86' lang='lat' dir='ltr'>cuperet</span> <span class='ocrx_word' id='word_1_61' title='bbox 594 1158 665 1237; x_wconf 82' lang='lat' dir='ltr'>quia</span> <span class='ocrx_word' id='word_1_62' title='bbox 677 1158 784 1242; x_wconf 83' lang='lat' dir='ltr'>degere</span> <span class='ocrx_word' id='word_1_63' title='bbox 795 1159 904 1238; x_wconf 83' lang='lat' dir='ltr'>vitam,</span> 
     </span>
     <span class='ocr_line' id='line_1_11' title="bbox 70 1247 771 1329; baseline 0.003 -19"><span class='ocrx_word' id='word_1_64' title='bbox 70 1247 210 1311; x_wconf 83' lang='lat' dir='ltr'>Mutavit</span> <span class='ocrx_word' id='word_1_65' title='bbox 224 1249 351 1310; x_wconf 88' lang='lat' dir='ltr'>meliore</span> <span class='ocrx_word' id='word_1_66' title='bbox 364 1250 413 1311; x_wconf 88' lang='lat' dir='ltr'>via</span> <span class='ocrx_word' id='word_1_67' title='bbox 422 1264 626 1313; x_wconf 80' lang='lat' dir='ltr'>transcurrere</span> <span class='ocrx_word' id='word_1_68' title='bbox 638 1264 771 1329; x_wconf 87' lang='lat' dir='ltr'>metam,</span> 
     </span>
    </p>

    <p class='ocr_par' dir='ltr' id='par_1_4' title="bbox 70 1343 844 1522">
     <span class='ocr_line' id='line_1_12' title="bbox 70 1343 844 1424; baseline 0.006 -22"><span class='ocrx_word' id='word_1_69' title='bbox 70 1343 97 1402; x_wconf 90' lang='lat' dir='ltr'><strong>J</strong></span> <span class='ocrx_word' id='word_1_70' title='bbox 99 1366 155 1405; x_wconf 86' lang='lat' dir='ltr'>ure</span> <span class='ocrx_word' id='word_1_71' title='bbox 168 1346 359 1407; x_wconf 89' lang='lat' dir='ltr'>sacerdotum</span> <span class='ocrx_word' id='word_1_72' title='bbox 373 1345 509 1405; x_wconf 90' lang='lat' dir='ltr'>monitor</span> <span class='ocrx_word' id='word_1_73' title='bbox 518 1345 577 1407; x_wconf 89' lang='lat' dir='ltr'>hoc</span> <span class='ocrx_word' id='word_1_74' title='bbox 590 1345 699 1407; x_wconf 90' lang='lat' dir='ltr'>ordine</span> <span class='ocrx_word' id='word_1_75' title='bbox 712 1346 844 1424; x_wconf 87' lang='lat' dir='ltr'>discens,</span> 
     </span>
     <span class='ocr_line' id='line_1_13' title="bbox 70 1436 688 1522; baseline 0 -24"><span class='ocrx_word' id='word_1_76' title='bbox 70 1436 291 1522; x_wconf 83' lang='lat' dir='ltr'>Belligeratori</span> <span class='ocrx_word' id='word_1_77' title='bbox 304 1439 449 1500; x_wconf 87' lang='lat' dir='ltr'>valeatne</span> <span class='ocrx_word' id='word_1_78' title='bbox 462 1438 575 1500; x_wconf 78' lang='lat' dir='ltr'>semina</span> <span class='ocrx_word' id='word_1_79' title='bbox 587 1439 688 1522; x_wconf 88' lang='lat' dir='ltr'>jungi,</span> 
     </span>
    </p>

    <p class='ocr_par' dir='ltr' id='par_1_5' title="bbox 68 1529 821 1709">
     <span class='ocr_line' id='line_1_14' title="bbox 71 1529 821 1614; baseline 0.004 -21"><span class='ocrx_word' id='word_1_80' title='bbox 71 1529 149 1593; x_wconf 89' lang='lat' dir='ltr'>Sola</span> <span class='ocrx_word' id='word_1_81' title='bbox 164 1533 262 1595; x_wconf 88' lang='lat' dir='ltr'>aciem</span> <span class='ocrx_word' id='word_1_82' title='bbox 274 1533 382 1594; x_wconf 90' lang='lat' dir='ltr'>melius</span> <span class='ocrx_word' id='word_1_83' title='bbox 395 1533 553 1614; x_wconf 84' lang='lat' dir='ltr'>componit</span> <span class='ocrx_word' id='word_1_84' title='bbox 566 1532 697 1595; x_wconf 88' lang='lat' dir='ltr'>mascula</span> <span class='ocrx_word' id='word_1_85' title='bbox 709 1534 821 1613; x_wconf 83' lang='lat' dir='ltr'>virtus,</span> 
     </span>
     <span class='ocr_line' id='line_1_15' title="bbox 68 1625 810 1709; baseline 0.001 -20"><span class='ocrx_word' id='word_1_86' title='bbox 68 1625 221 1689; x_wconf 91' lang='lat' dir='ltr'>Debilior</span> <span class='ocrx_word' id='word_1_87' title='bbox 233 1640 333 1689; x_wconf 88' lang='lat' dir='ltr'>teneat</span> <span class='ocrx_word' id='word_1_88' title='bbox 346 1648 504 1688; x_wconf 90' lang='lat' dir='ltr'>murorum</span> <span class='ocrx_word' id='word_1_89' title='bbox 519 1627 645 1689; x_wconf 86' lang='lat' dir='ltr'>claustra</span> <span class='ocrx_word' id='word_1_90' title='bbox 657 1641 791 1709; x_wconf 77' lang='lat' dir='ltr'>caterva,</span> <span class='ocrx_word' id='word_1_91' title='bbox 805 1673 810 1682; x_wconf 81' lang='grc'><em>.</em></span> 
     </span>
    </p>

    <p class='ocr_par' dir='ltr' id='par_1_6' title="bbox 69 1720 767 1805">
     <span class='ocr_line' id='line_1_16' title="bbox 69 1720 767 1805; baseline 0.001 -22"><span class='ocrx_word' id='word_1_92' title='bbox 69 1721 111 1783; x_wconf 90' lang='lat' dir='ltr'>Et</span> <span class='ocrx_word' id='word_1_93' title='bbox 122 1743 211 1784; x_wconf 85' lang='lat' dir='ltr'>sexos</span> <span class='ocrx_word' id='word_1_94' title='bbox 224 1720 339 1805; x_wconf 79' lang='lat' dir='ltr'>fragilis</span> <span class='ocrx_word' id='word_1_95' title='bbox 347 1743 411 1784; x_wconf 83' lang='lat' dir='ltr'>sese</span> <span class='ocrx_word' id='word_1_96' title='bbox 426 1723 504 1783; x_wconf 90' lang='lat' dir='ltr'>intra</span> <span class='ocrx_word' id='word_1_97' title='bbox 517 1735 602 1804; x_wconf 90' lang='lat' dir='ltr'>septa</span> <span class='ocrx_word' id='word_1_98' title='bbox 614 1725 767 1785; x_wconf 83' lang='lat' dir='ltr'>recondat.</span> 
     </span>
    </p>

    <p class='ocr_par' dir='ltr' id='par_1_7' title="bbox 71 1815 786 1899">
     <span class='ocr_line' id='line_1_17' title="bbox 71 1815 786 1899; baseline 0.001 -22"><span class='ocrx_word' id='word_1_99' title='bbox 71 1816 146 1878; x_wconf 89' lang='lat' dir='ltr'>Hoc</span> <span class='ocrx_word' id='word_1_100' title='bbox 160 1817 230 1878; x_wconf 89' lang='lat' dir='ltr'>satis</span> <span class='ocrx_word' id='word_1_101' title='bbox 244 1830 276 1878; x_wconf 88' lang='lat' dir='ltr'>ut</span> <span class='ocrx_word' id='word_1_102' title='bbox 287 1815 401 1877; x_wconf 89' lang='lat' dir='ltr'>molier</span> <span class='ocrx_word' id='word_1_103' title='bbox 409 1817 515 1877; x_wconf 87' lang='lat' dir='ltr'>timeat</span> <span class='ocrx_word' id='word_1_104' title='bbox 528 1836 576 1877; x_wconf 87' lang='lat' dir='ltr'>res</span> <span class='ocrx_word' id='word_1_105' title='bbox 587 1817 651 1899; x_wconf 92' lang='lat' dir='ltr'>ipsa</span> <span class='ocrx_word' id='word_1_106' title='bbox 664 1817 786 1894; x_wconf 87' lang='lat' dir='ltr'>timori,</span> 
     </span>
    </p>

    <p class='ocr_par' dir='ltr' id='par_1_8' title="bbox 68 1908 959 2466">
     <span class='ocr_line' id='line_1_18' title="bbox 70 1908 856 1996; baseline 0.005 -26"><span class='ocrx_word' id='word_1_107' title='bbox 70 1908 166 1972; x_wconf 82' lang='lat' dir='ltr'>Miles</span> <span class='ocrx_word' id='word_1_108' title='bbox 179 1911 218 1971; x_wconf 88' lang='lat' dir='ltr'>ad</span> <span class='ocrx_word' id='word_1_109' title='bbox 230 1931 313 1971; x_wconf 91' lang='lat' dir='ltr'>arma</span> <span class='ocrx_word' id='word_1_110' title='bbox 325 1923 434 1993; x_wconf 90' lang='lat' dir='ltr'>potens</span> <span class='ocrx_word' id='word_1_111' title='bbox 447 1924 549 1994; x_wconf 87' lang='lat' dir='ltr'>pergat</span> <span class='ocrx_word' id='word_1_112' title='bbox 563 1911 692 1995; x_wconf 87' lang='lat' dir='ltr'>galeatus</span> <span class='ocrx_word' id='word_1_113' title='bbox 701 1912 733 1972; x_wconf 94' lang='lat' dir='ltr'>in</span> <span class='ocrx_word' id='word_1_114' title='bbox 748 1932 856 1996; x_wconf 83' lang='lat' dir='ltr'>agmen</span> 
     </span>
     <span class='ocr_line' id='line_1_19' title="bbox 71 2004 787 2087; baseline 0.003 -21"><span class='ocrx_word' id='word_1_115' title='bbox 71 2004 191 2068; x_wconf 82' lang='lat' dir='ltr'>Loricae</span> <span class='ocrx_word' id='word_1_116' title='bbox 205 2005 332 2087; x_wconf 91' lang='lat' dir='ltr'>triplicis</span> <span class='ocrx_word' id='word_1_117' title='bbox 345 2026 469 2086; x_wconf 85' lang='lat' dir='ltr'>squama</span> <span class='ocrx_word' id='word_1_118' title='bbox 481 2007 615 2067; x_wconf 85' lang='lat' dir='ltr'>radiante</span> <span class='ocrx_word' id='word_1_119' title='bbox 630 2027 787 2084; x_wconf 90' lang='lat' dir='ltr'>coruscus,</span> 
     </span>
     <span class='ocr_line' id='line_1_20' title="bbox 70 2099 805 2178; baseline 0 -16"><span class='ocrx_word' id='word_1_120' title='bbox 70 2099 212 2163; x_wconf 71' lang='lat' dir='ltr'>Thorace</span> <span class='ocrx_word' id='word_1_121' title='bbox 226 2122 261 2161; x_wconf 86' lang='lat' dir='ltr'>ex</span> <span class='ocrx_word' id='word_1_122' title='bbox 272 2101 406 2161; x_wconf 86' lang='lat' dir='ltr'>humeris</span> <span class='ocrx_word' id='word_1_123' title='bbox 418 2101 555 2176; x_wconf 89' lang='lat' dir='ltr'>indutos,</span> <span class='ocrx_word' id='word_1_124' title='bbox 566 2101 649 2162; x_wconf 90' lang='lat' dir='ltr'>nisus</span> <span class='ocrx_word' id='word_1_125' title='bbox 662 2101 693 2162; x_wconf 91' lang='lat' dir='ltr'>in</span> <span class='ocrx_word' id='word_1_126' title='bbox 707 2101 805 2178; x_wconf 91' lang='lat' dir='ltr'>hasta,</span> 
     </span>
     <span class='ocr_line' id='line_1_21' title="bbox 68 2194 836 2279; baseline 0.001 -24"><span class='ocrx_word' id='word_1_127' title='bbox 68 2195 216 2257; x_wconf 85' lang='lat' dir='ltr'>Assuetus</span> <span class='ocrx_word' id='word_1_128' title='bbox 228 2194 355 2279; x_wconf 86' lang='lat' dir='ltr'>clypeo,</span> <span class='ocrx_word' id='word_1_129' title='bbox 368 2196 573 2257; x_wconf 89' lang='lat' dir='ltr'>transmittens</span> <span class='ocrx_word' id='word_1_130' title='bbox 585 2195 691 2258; x_wconf 83' lang='lat' dir='ltr'>vulnus</span> <span class='ocrx_word' id='word_1_131' title='bbox 702 2197 740 2257; x_wconf 93' lang='lat' dir='ltr'>ab</span> <span class='ocrx_word' id='word_1_132' title='bbox 754 2216 836 2258; x_wconf 85' lang='lat' dir='ltr'>arcu.</span> 
     </span>
     <span class='ocr_line' id='line_1_22' title="bbox 71 2288 959 2370; baseline 0 -20"><span class='ocrx_word' id='word_1_133' title='bbox 71 2289 159 2351; x_wconf 89' lang='lat' dir='ltr'>Hinc</span> <span class='ocrx_word' id='word_1_134' title='bbox 171 2288 314 2370; x_wconf 84' lang='lat' dir='ltr'>capulum</span> <span class='ocrx_word' id='word_1_135' title='bbox 328 2289 465 2367; x_wconf 85' lang='lat' dir='ltr'>vibrans,</span> <span class='ocrx_word' id='word_1_136' title='bbox 479 2290 550 2352; x_wconf 83' lang='lat' dir='ltr'>hinc</span> <span class='ocrx_word' id='word_1_137' title='bbox 563 2303 706 2370; x_wconf 90' lang='lat' dir='ltr'>torquens</span> <span class='ocrx_word' id='word_1_138' title='bbox 722 2290 836 2361; x_wconf 86' lang='lat' dir='ltr'>missile</span> <span class='ocrx_word' id='word_1_139' title='bbox 848 2288 959 2368; x_wconf 88' lang='lat' dir='ltr'>telum,</span> 
     </span>
     <span class='ocr_line' id='line_1_23' title="bbox 70 2383 766 2466; baseline 0 -22"><span class='ocrx_word' id='word_1_140' title='bbox 70 2383 207 2446; x_wconf 81' lang='lat' dir='ltr'>Ferratae</span> <span class='ocrx_word' id='word_1_141' title='bbox 219 2383 327 2445; x_wconf 84' lang='lat' dir='ltr'>tunicae</span> <span class='ocrx_word' id='word_1_142' title='bbox 340 2384 487 2446; x_wconf 83' lang='lat' dir='ltr'>rivossub</span> <span class='ocrx_word' id='word_1_143' title='bbox 500 2386 636 2466; x_wconf 88' lang='lat' dir='ltr'>pondere</span> <span class='ocrx_word' id='word_1_144' title='bbox 648 2385 766 2445; x_wconf 89' lang='lat' dir='ltr'>sudans.</span> 
     </span>
    </p>

    <p class='ocr_par' dir='ltr' id='par_1_9' title="bbox 69 2477 927 3218">
     <span class='ocr_line' id='line_1_24' title="bbox 71 2477 835 2562; baseline 0.001 -23"><span class='ocrx_word' id='word_1_145' title='bbox 71 2478 133 2540; x_wconf 90' lang='lat' dir='ltr'>His</span> <span class='ocrx_word' id='word_1_146' title='bbox 146 2477 234 2540; x_wconf 86' lang='lat' dir='ltr'>dietis</span> <span class='ocrx_word' id='word_1_147' title='bbox 244 2477 380 2540; x_wconf 89' lang='lat' dir='ltr'>mulcens</span> <span class='ocrx_word' id='word_1_148' title='bbox 393 2480 534 2560; x_wconf 88' lang='lat' dir='ltr'>juvenem</span> <span class='ocrx_word' id='word_1_149' title='bbox 548 2479 724 2561; x_wconf 90' lang='lat' dir='ltr'>resipiscere</span> <span class='ocrx_word' id='word_1_150' title='bbox 737 2477 835 2562; x_wconf 84' lang='lat' dir='ltr'>cogit,</span> 
     </span>
     <span class='ocr_line' id='line_1_25' title="bbox 73 2571 881 2657; baseline -0.001 -21"><span class='ocrx_word' id='word_1_151' title='bbox 73 2571 213 2657; x_wconf 88' lang='lat' dir='ltr'>Conjuge</span> <span class='ocrx_word' id='word_1_152' title='bbox 225 2572 408 2655; x_wconf 90' lang='lat' dir='ltr'>postposita,</span> <span class='ocrx_word' id='word_1_153' title='bbox 424 2585 453 2633; x_wconf 89' lang='lat' dir='ltr'>et</span> <span class='ocrx_word' id='word_1_154' title='bbox 464 2573 574 2655; x_wconf 89' lang='lat' dir='ltr'>repetit</span> <span class='ocrx_word' id='word_1_155' title='bbox 586 2573 712 2634; x_wconf 84' lang='lat' dir='ltr'>eremita</span> <span class='ocrx_word' id='word_1_156' title='bbox 725 2593 881 2635; x_wconf 87' lang='lat' dir='ltr'>coronam.</span> 
     </span>
     <span class='ocr_line' id='line_1_26' title="bbox 69 2666 820 2752; baseline 0.003 -25"><span class='ocrx_word' id='word_1_157' title='bbox 69 2666 93 2727; x_wconf 92' lang='lat' dir='ltr'><strong>J</strong></span> <span class='ocrx_word' id='word_1_158' title='bbox 94 2667 192 2752; x_wconf 89' lang='lat' dir='ltr'>ogiter</span> <span class='ocrx_word' id='word_1_159' title='bbox 205 2667 320 2726; x_wconf 89' lang='lat' dir='ltr'>interea</span> <span class='ocrx_word' id='word_1_160' title='bbox 330 2667 401 2746; x_wconf 88' lang='lat' dir='ltr'>quia</span> <span class='ocrx_word' id='word_1_161' title='bbox 412 2666 505 2744; x_wconf 88' lang='lat' dir='ltr'>salsa,</span> <span class='ocrx_word' id='word_1_162' title='bbox 520 2681 550 2729; x_wconf 93' lang='lat' dir='ltr'>et</span> <span class='ocrx_word' id='word_1_163' title='bbox 562 2681 663 2730; x_wconf 89' lang='lat' dir='ltr'>saneta</span> <span class='ocrx_word' id='word_1_164' title='bbox 676 2668 820 2745; x_wconf 87' lang='lat' dir='ltr'>canebat,</span> 
     </span>
     <span class='ocr_line' id='line_1_27' title="bbox 70 2760 853 2845; baseline 0.003 -23"><span class='ocrx_word' id='word_1_165' title='bbox 70 2760 142 2823; x_wconf 86' lang='lat' dir='ltr'>Nec</span> <span class='ocrx_word' id='word_1_166' title='bbox 152 2760 238 2822; x_wconf 86' lang='lat' dir='ltr'>serie.</span> <span class='ocrx_word' id='word_1_167' title='bbox 244 2760 359 2842; x_wconf 86' lang='lat' dir='ltr'>recipi,</span> <span class='ocrx_word' id='word_1_168' title='bbox 374 2783 472 2841; x_wconf 90' lang='lat' dir='ltr'>neque</span> <span class='ocrx_word' id='word_1_169' title='bbox 485 2775 609 2844; x_wconf 85' lang='lat' dir='ltr'>possunt</span> <span class='ocrx_word' id='word_1_170' title='bbox 622 2763 734 2845; x_wconf 91' lang='lat' dir='ltr'>scripta</span> <span class='ocrx_word' id='word_1_171' title='bbox 746 2762 853 2826; x_wconf 86' lang='lat' dir='ltr'>teneri.</span> 
     </span>
     <span class='ocr_line' id='line_1_28' title="bbox 74 2854 847 2940; baseline 0.001 -24"><span class='ocrx_word' id='word_1_172' title='bbox 74 2856 225 2936; x_wconf 81' lang='lat' dir='ltr'>Quaenam</span> <span class='ocrx_word' id='word_1_173' title='bbox 239 2854 299 2915; x_wconf 86' lang='lat' dir='ltr'>vita</span> <span class='ocrx_word' id='word_1_174' title='bbox 312 2856 388 2917; x_wconf 88' lang='lat' dir='ltr'>sacri</span> <span class='ocrx_word' id='word_1_175' title='bbox 399 2855 509 2931; x_wconf 77' lang='lat' dir='ltr'>fuerit,</span> <span class='ocrx_word' id='word_1_176' title='bbox 524 2857 590 2936; x_wconf 89' lang='lat' dir='ltr'>quis</span> <span class='ocrx_word' id='word_1_177' title='bbox 602 2855 717 2940; x_wconf 90' lang='lat' dir='ltr'>singula</span> <span class='ocrx_word' id='word_1_178' title='bbox 729 2870 847 2934; x_wconf 86' lang='lat' dir='ltr'>currat,</span> 
     </span>
     <span class='ocr_line' id='line_1_29' title="bbox 74 2947 899 3032; baseline 0.004 -22"><span class='ocrx_word' id='word_1_179' title='bbox 74 2947 199 3032; x_wconf 84' lang='lat' dir='ltr'>Quanta</span> <span class='ocrx_word' id='word_1_180' title='bbox 209 2949 282 3008; x_wconf 85' lang='lat' dir='ltr'>fides</span> <span class='ocrx_word' id='word_1_181' title='bbox 293 2948 403 3026; x_wconf 87' lang='lat' dir='ltr'>animi,</span> <span class='ocrx_word' id='word_1_182' title='bbox 419 2969 509 3029; x_wconf 90' lang='lat' dir='ltr'>quam</span> <span class='ocrx_word' id='word_1_183' title='bbox 523 2949 602 3012; x_wconf 88' lang='lat' dir='ltr'>celsa</span> <span class='ocrx_word' id='word_1_184' title='bbox 615 2963 645 3011; x_wconf 89' lang='lat' dir='ltr'>ct</span> <span class='ocrx_word' id='word_1_185' title='bbox 654 2971 731 3032; x_wconf 91' lang='lat' dir='ltr'>pura</span> <span class='ocrx_word' id='word_1_186' title='bbox 743 2951 899 3014; x_wconf 77' lang='lat' dir='ltr'>voluntas?</span> 
     </span>
     <span class='ocr_line' id='line_1_30' title="bbox 72 3042 927 3128; baseline 0.002 -24"><span class='ocrx_word' id='word_1_187' title='bbox 72 3043 120 3105; x_wconf 75' lang='lat' dir='ltr'>dd</span> <span class='ocrx_word' id='word_1_188' title='bbox 132 3064 224 3125; x_wconf 91' lang='lat' dir='ltr'>quem</span> <span class='ocrx_word' id='word_1_189' title='bbox 238 3063 301 3103; x_wconf 92' lang='lat' dir='ltr'>non</span> <span class='ocrx_word' id='word_1_190' title='bbox 315 3042 414 3104; x_wconf 90' lang='lat' dir='ltr'>solum</span> <span class='ocrx_word' id='word_1_191' title='bbox 423 3043 562 3105; x_wconf 91' lang='lat' dir='ltr'>homines</span> <span class='ocrx_word' id='word_1_192' title='bbox 576 3043 666 3128; x_wconf 85' lang='lat' dir='ltr'>longo</span> <span class='ocrx_word' id='word_1_193' title='bbox 681 3045 756 3107; x_wconf 88' lang='lat' dir='ltr'>orbe</span> <span class='ocrx_word' id='word_1_194' title='bbox 769 3045 927 3123; x_wconf 86' lang='lat' dir='ltr'>venirent,</span> 
     </span>
     <span class='ocr_line' id='line_1_31' title="bbox 72 3136 839 3218; baseline 0.005 -21"><span class='ocrx_word' id='word_1_195' title='bbox 72 3136 296 3204; x_wconf 82' lang='lat' dir='ltr'>verumetiam</span> <span class='ocrx_word' id='word_1_196' title='bbox 308 3137 433 3204; x_wconf 85' lang='lat' dir='ltr'>coelestis</span> <span class='ocrx_word' id='word_1_197' title='bbox 445 3137 543 3203; x_wconf 88' lang='lat' dir='ltr'>honor</span> <span class='ocrx_word' id='word_1_198' title='bbox 556 3139 669 3206; x_wconf 86' lang='lat' dir='ltr'>visebat</span> <span class='ocrx_word' id='word_1_199' title='bbox 682 3151 839 3218; x_wconf 75' lang='lat' dir='ltr'>amanter,</span> 
     </span>
    </p>
   </div>
   <div class='ocr_carea' id='block_1_3' title="bbox 0 0 1121 3844">
    <p class='ocr_par' dir='ltr' id='par_1_10' title="bbox 0 0 1121 3844">
     <span class='ocr_line' id='line_1_32' title="bbox 0 0 1121 3844; baseline 0 0"><span class='ocrx_word' id='word_1_200' title='bbox 0 0 1121 3844; x_wconf 95' lang='lat' dir='ltr'> </span> 
     </span>
    </p>
   </div>
  </div>
 </body>
</html>
