2230 3838
281 372 527 432 'POEMATUM
545 379 744 434 L1Bntt1v.
903 379 961 446 ι77
1014 432 1017 439 .

110 465 182 532 Nec
196 469 288 532 debes
300 470 367 534 fleri
381 471 448 532 talis
461 472 557 534 amice
570 471 643 533 Dei.

65 562 146 626 Haec
158 563 231 644 qni,
243 579 344 628 sancte
358 577 461 649 pater,
476 587 533 650 pro
544 566 661 649 magnis
673 583 766 647 parva
779 585 920 644 susurro,

109 655 174 720 Pro
190 657 360 721 Fortunato
375 682 473 741 quaeso
487 677 611 744 precare
623 672 686 722 tuo.

82 812 170 866 v111.
191 812 458 867 EPITAPHIUM
484 813 724 866 CHRONOPII
740 812 945 868 EPISCOPI

323 911 325 915 ’
397 904 645 946 unruoconrcr.

67 1007 110 1093 St
122 1040 248 1090 terrena
261 1045 346 1088 sacer
358 1026 415 1086 tibi
429 1027 582 1106 quondam
597 1045 667 1088 cura
682 1025 802 1103 fuisset,

112 1121 261 1188 Carmine
273 1119 342 1201 plns
354 1120 501 1207 lacrymas
513 1141 603 1201 quam
615 1122 708 1183 modo
722 1121 814 1183 verba
825 1122 940 1186 darem.
1001 1159 1002 1165 κ

74 1217 134 1282 Sed
143 1217 215 1299 quia
227 1228 261 1278 tu
274 1217 420 1292 mundus,
437 1237 493 1278 nec
506 1228 574 1276 sunt
585 1215 641 1276 tibi
654 1216 782 1278 crimina
793 1216 918 1294 mundi,

111 1313 181 1375 Nos
191 1311 321 1396 gaudere
335 1331 458 1387 munes,
474 1311 525 1390 qui
539 1310 603 1371 sine
617 1323 716 1372 morte
730 1331 844 1374 manes.

67 1408 202 1470 Antistes
217 1405 329 1487 pietate
343 1403 442 1466 calens
456 1406 626 1467 venerande
641 1402 821 1486 Chronopi‚

108 1488 258 1565 Membra
268 1499 427 1582 sepulchra
440 1511 557 1584 tegunt,
574 1499 697 1581 spiritns
710 1512 788 1560 astra
800 1511 893 1566 tenet.

74 1593 163 1658 Ordo
176 1595 367 1657 sacerdotum
379 1592 428 1656 cni
440 1593 523 1655 linxit
535 1607 663 1675 utroque
674 1608 818 1678 parente,

113 1689 209 1752 Venit
222 1689 261 1750 ad
274 1689 423 1751 haeredem
435 1689 617 1773 pontificalis
630 1709 715 1772 apex.

68 1785 166 1852 Hunc
178 1785 236 1844 tibi
251 1786 317 1866 jure
329 1785 454 1866 gradum
467 1785 614 1848 successio
628 1798 729 1848 sancta
742 1784 876 1868 paravit,

109 1878 158 1940 Ut
170 1878 255 1960 quasi
268 1880 329 1960 jam
344 1876 454 1938 merito
468 1877 586 1938 debitus
598 1888 675 1938 esset
686 1880 795 1938 honor.

72 1973 197 2037 Nobilis
210 1972 473 2063 antiqnoovenieus
484 1973 521 2033 de
534 1971 670 2053 germine
683 1983 824 2054 patmum,

111 2069 178 2132 Sed
192 2070 287 2154 magis
301 2070 333 2130 in
350 2067 471 2132 Christo
484 2067 620 2129 nobilior
633 2067 754 2128 merito.

71 2161 123 2230 Sic
135 2165 222 2228 vultu
235 2185 356 2246 semper
369 2163 523 2246 placidus,
538 2182 593 2224 ceu
606 2174 709 2224 meme
722 2180 861 2240 serenus,

112 2258 244 2323 Pectore
256 2259 373 2322 sincero
387 2259 472 2320 frons
484 2257 548 2318 siue
562 2257 642 2318 nube
656 2257 720 2319 luit.

73 2350 168 2437 Cujus
177 2354 218 2416 ab
232 2353 354 2434 eloquio
367 2365 472 2415 nectar
482 2372 539 2434 per
550 2351 641 2413 verba
652 2349 783 2426 fluebat,

110 2447 262 2512 Vinceret
275 2461 308 2508 ut
319 2447 419 2510 dulces
434 2467 487 2508 ore
501 2445 614 2530 rigante
627 2445 720 2508 favos.

68 2541 237 2606 Nudorum
249 2555 282 2603 tu
294 2543 382 2606 vestis
396 2562 477 2618 eras,
494 2540 617 2624 algentis
631 2541 775 2615 amictus,

112 2636 180 2718 Qui
195 2638 233 2698 ad
247 2650 296 2698 tua
309 2649 386 2700 tecta
398 2636 491 2720 fugit,
507 2649 600 2698 tectus
612 2647 643 2695 et
656 2634 721 2717 ipse
734 2633 822 2694 redit.

67 2732 203 2795 Divitias
216 2752 323 2793 omues
335 2732 461 2814 inopum
475 2730 530 2792 sub
542 2742 647 2790 ventre
661 2728 783 2805 locasti,

110 2824 208 2887 Unde
221 2825 277 2886 tibi
288 2845 410 2907 semper
423 2826 490 2887 viva
502 2823 612 2885 talenta
622 2835 755 2884 manent.

68 2919 218 2984 Esuriens
231 2918 373 3003 epulum,
388 2920 493 2981 sitiens
505 2932 664 2980 insumere
676 2930 806 2999 potnrn2

111 3011 251 3075 Cernere
264 3026 294 3075 te
308 3014 417 3076 meruit
430 3013 523 3075 tristis
536 3025 565 3074 et
579 3012 645 3077 exul
657 3032 759 3094 opem.

68 3107 211 3190 lmplesti
224 3109 359 3190 propriis
373 3109 522 3170 viduatam
534 3107 649 3172 civibus
662 3105 791 3181 urbem,

108 3200 321 3286 videruntque
334 3223 403 3268 suus
415 3217 444 3268 te
457 3204 625 3268 redimente
639 3199 744 3266 Lares.
