2230 3838
299 349 538 405 nouunruu
558 352 686 408 trouu
706 356 748 408 rr.
912 344 973 431 ¹39

119 441 215 503 Flore
231 441 385 523 pudicitiae
399 454 495 502 mater
507 443 644 504 habenda
658 443 765 525 placet.

75 535 222 613 Aequirit
235 547 374 609 cunctos,
390 547 492 595 natum
506 557 573 615 qnae
585 538 750 598 nonhabet
762 559 875 618 uuum2

120 625 368 712 Progeniemqne
382 628 440 689 sibi
453 629 544 712 gignit
557 649 662 690 amore
676 629 749 691 Dei.

76 720 156 781 lude
169 721 238 803 pari
249 722 360 782 morbo
374 720 510 782 dellendn
523 723 649 783 infantia
662 743 772 803 parre,

121 813 160 874 In
173 814 276 876 lucem
288 815 414 875 veniens
425 816 563 876 membra
576 828 680 878 necate
693 817 792 878 trabit.

73 905 169 969 Mors
183 920 214 968 et
227 908 313 989 origo
325 908 413 970 simul
428 908 538 968 misera
550 910 698 990 processit
710 910 748 972 ab
760 911 847 990 alvo,

115 1000 297 1062 Extinctam
308 1021 456 1084 generans
467 1015 567 1063 mater·
576 1003 683 1064 cubela
698 1025 832 1066 manum.

79 1092 310 1157 commendata
320 1107 372 1155 tuo
386 1096 475 1155 rediit
486 1096 633 1158 medicata
645 1098 806 1178 sepulchro

123 1188 221 1267 Quod
236 1189 276 1248 de
287 1201 382 1248 matre
395 1189 491 1270 perit,
506 1191 543 1249 de
557 1189 672 1251 tumulo
685 1191 807 1272 recipit.

77 1280 167 1342 Dum
177 1283 257 1362 jacet
269 1280 348 1341 alter
359 1283 448 1362 inops
460 1282 525 1342 visu
539 1283 667 1365 caligine
677 1284 779 1346 clauso

122 1373 252 1450 Caecus,
264 1395 322 1438 nec
334 1376 449 1436 misero
458 1375 575 1437 lurnine
587 1377 691 1437 lumen
706 1389 780 1437 erat.

76 1468 249 1552 Longaque
260 1489 320 1529 nox
332 1468 550 1550 oculosqnarto
561 1472 622 1551 jnrn
636 1490 740 1530 mense
753 1469 930 1551 premebat,

124 1563 163 1623 ln
176 1563 278 1624 lucem
292 1563 453 1637 obscurus,
466 1563 548 1624 vivus
563 1563 661 1646 imago
675 1562 767 1624 necis.

84 1654 225 1717 Vocibus
237 1656 316 1718 bunc
329 1657 454 1718 medicis
467 1656 611 1717 monuisti
624 1669 763 1737 tempore
777 1657 897 1734 somni,

45 1805 49 1826 ,
122 1748 280 1810 Tenderet
292 1762 325 1810 ut
337 1749 422 1810 velox
434 1751 471 1809 nd
484 1763 537 1809 tua
545 1749 659 1830 templa
672 1750 813 1832 gradum:

80 1841 159 1904 Mox
169 1843 311 1904 veniente
325 1844 392 1920 die,
407 1845 458 1904 sed
471 1863 533 1903 non
545 1842 602 1903 sibi
614 1842 717 1905 forfice
730 1864 849 1926 pressa,

124 1934 243 1996 Enituit
260 1935 375 1997 Christi
387 1937 501 1997 vertice
513 1947 615 1996 tonsus
628 1936 701 1996 ovis.

82 2027 226 2090 Detrahit
239 2028 290 2090 bic
301 2029 417 2104 crines,
429 2029 540 2089 nitidos
553 2041 585 2088 ut
597 2029 721 2090 baberet
734 2027 867 2106 ocellos,

123 2122 166 2182 Et
177 2135 331 2183 mercante
346 2142 433 2184 coma
445 2142 574 2184 munera
583 2121 658 2183 lucis
671 2135 761 2183 emat.

83 2215 147 2295 Qui
160 2216 307 2276 titubante
319 2216 412 2298 gradu
422 2228 532 2278 tractus
544 2214 682 2296 pervenit
695 2216 732 2274 ad
746 2214 849 2275 aulam

124 2306 186 2369 Per
197 2308 323 2369 biduum
338 2309 484 2371 recubans
496 2321 564 2369 ante
576 2308 733 2389 sepulchra
746 2307 810 2368 suit.

81 2400 187 2462 Tertia
199 2400 249 2462 lux
261 2402 380 2462 rediens
390 2414 551 2464 nocturnas
564 2401 694 2463 solverat
706 2399 848 2477 umbras,

122 2495 164 2555 Et
177 2515 262 2557 caeco
270 2496 401 2556 occurrit
413 2495 457 2558 sic
469 2507 609 2558 revocata
621 2496 694 2556 dies.

83 2585 229 2667 Undique
243 2587 336 2648 linitae
349 2588 484 2650 cecidere
499 2589 627 2650 asronte
641 2587 792 2662 tenebrae,

122 2679 285 2762 Sanguinis
298 2681 378 2741 unda
391 2681 482 2763 rigat,
497 2681 620 2742 luminis
633 2694 697 2742 atra
709 2681 797 2741 lavat.

81 2771 171 2836 sicca
184 2774 307 2834 lucerna
321 2794 400 2835 novo
413 2772 554 2857 flagrante
568 2774 684 2834 refulsit
698 2773 801 2849 olivo,

124 2865 331 2945 Obtinuitque
340 2886 427 2927 suurn
441 2867 490 2927 lux
504 2867 664 2950 peregrina
674 2867 786 2928 locum.

81 2957 169 3040 Quid
182 2959 313 3020 reserent
324 2960 414 3020 mutis
424 2961 476 3042 qui
487 2961 581 3024 verbo
595 2961 687 3022 verba
698 2958 804 3022 dedisti
813 3002 826 3034 ‚,

122 3053 220 3133 Quod
231 3065 330 3135 gravat
343 3053 484 3133 ejiciens,
496 3054 577 3132 quod
588 3055 668 3134 juvet
681 3074 771 3114 omne
783 3053 902 3114 locans

81 3145 205 3211 Cuncta
215 3167 302 3210 nece
316 3167 443 3210 nurnero
457 3160 565 3210 tuame
579 3147 737 3231 preconia.
746 3145 887 3218 vincunt,
