2222 3844
166 351 219 403 DE
245 351 345 406 VITA
368 352 399 406 S.
415 350 605 406 Monstrat
632 353 759 411 LIBER
783 355 821 410 ΙΙ.
896 343 936 418 45

70 441 96 502 lo
106 463 262 506 commune
275 444 358 526 prius
370 444 493 506 humilis
507 466 631 510 censura
644 448 773 525 sodalis,

69 538 118 617 Qui
133 539 213 600 rudis
232 537 346 623 ingenii
360 553 478 602 versuto
492 540 595 601 illusus
607 541 645 602 ab
662 542 748 604 hoste

67 631 124 695 Post
139 634 196 710 ait,
218 636 258 694 ad
271 655 334 696 sese
347 635 428 715 quod
441 635 555 696 coelitus
567 637 686 718 angelus
704 637 781 715 iret,

63 728 99 790 Ac
111 751 240 791 reserare
254 730 312 791 sibi
325 731 468 814 mysteria
481 731 579 793 clausa
593 731 759 810 Tonantis,

62 821 94 884 Et
105 824 159 885 cito
173 825 292 886 siderea
303 824 429 886 volitent
439 847 491 886 sua
503 826 609 888 nuntia
622 848 742 909 penna,

59 917 145 998 Atque
155 919 282 981 remissa
294 920 352 980 viri
366 920 524 1002 responsio
536 922 640 984 nubila
650 936 750 1007 tangat

60 1009 130 1074 luter
139 1035 169 1075 se
180 1026 210 1074 et
220 1015 382 1074 dominum
391 1035 566 1076 memorans
574 1017 630 1078 iter
642 1039 705 1080 esse
716 1013 935 1100 propinquum,

58 1105 156 1167 Aesibi
171 1108 306 1192 contigui
321 1110 408 1190 jactat
422 1109 553 1170 confinia
566 1111 653 1188 coeli,

60 1195 208 1263 Sesecreta
223 1200 287 1262 Dei
298 1202 420 1264 sciendo
434 1207 493 1287 jam
507 1225 571 1265 esse
585 1205 786 1286 prophetam,

59 1289 109 1354 Sed
121 1295 253 1374 clarum,
271 1309 304 1357 ut
317 1299 437 1372 credat,
455 1319 512 1360 nee
526 1300 633 1380 opinio
649 1298 722 1358 lalsa
735 1298 893 1370 movebat3

58 1384 132 1452 'lunc
147 1390 213 1453 sine
233 1411 321 1452 more
335 1391 436 1453 surens
449 1393 608 1454 Anatolius
626 1391 731 1454 asserit
747 1394 842 1452 audax

58 1479 139 1560 Quod
151 1486 211 1547 sibi
224 1486 264 1546 de
279 1485 355 1547 coelo
367 1487 508 1548 dominus
520 1487 702 1548 transmittat
714 1487 877 1562 amictum,

58 1573 150 1640 lnduat
167 1601 204 1643 ac
216 1592 332 1642 vestem
345 1581 475 1642 delatam
495 1595 584 1644 nocte
596 1582 715 1657 silenti,

58 1666 94 1730 Ut
106 1674 185 1758 signa
199 1688 341 1756 stupeant
355 1678 436 1757 cujus
450 1677 543 1738 modo
560 1678 651 1738 verba
663 1676 812 1738 cavillant.

58 1759 152 1829 Elevat
166 1769 219 1832 hic
237 1769 352 1830 varium
368 1769 588 1831 monachorum
602 1771 689 1831 turba
701 1770 878 1850 tumultum,

57 1854 90 1919 Et
100 1883 244 1946 suspensa
255 1875 336 1926 tenet
349 1865 495 1946 spectatio
507 1885 582 1926 vana
592 1865 717 1928 sodales.

57 1951 164 2021 loterea
181 1959 298 2021 medias
312 1961 396 2040 quasi
410 1981 469 2021 nox
479 1973 694 2038 transcurreret
706 1961 816 2037 boras,

58 2046 90 2110 Et
101 2067 164 2116 rota
177 2055 255 2118 llexa
267 2079 353 2139 aequo
367 2058 490 2145 gyrabat
502 2051 624 2122 cardine
638 2073 770 2133 metam;

59 2139 99 2207 Fit
110 2151 209 2213 subito
225 2154 381 2234 strepitus,
393 2155 524 2234 quatitur
539 2154 637 2231 locus,
652 2175 723 2216 arva
736 2165 912 2230 morentur,

58 2237 89 2302 Et
102 2265 244 2310 concussa
257 2248 347 2310 simul
357 2250 441 2311 vario
454 2249 558 2311 fremit
571 2250 638 2310 aula
653 2270 793 2324 susurro,

59 2330 208 2404 Murmure
223 2343 383 2405 raucisono
398 2344 551 2428 frangente
567 2344 673 2426 lepore
686 2343 821 2423 loquelas

62 2427 161 2495 Credas
176 2457 327 2521 pugnaces
340 2438 466 2500 volitare
481 2460 536 2520 per
549 2451 627 2500 astra
640 2438 820 2520 phalanges,

62 2519 91 2584 tt
101 2527 200 2591 videas
213 2532 332 2613 rapidas
347 2531 514 2594 discurrere
526 2533 647 2594 turbine
660 2546 784 2594 turmas.

62 2613 111 2683 llic
122 2624 175 2685 ubi
189 2626 340 2689 concussis
356 2627 510 2688 redierunt
525 2627 585 2688 otia
597 2627 711 2702 turbis,

62 2707 194 2797 llouque
208 2730 370 2802 tempestas
383 2721 544 2802 tranquilla
553 2722 672 2783 silentia
685 2721 832 2804 sumpsit,

62 2805 182 2874 advocat
198 2835 232 2873 ex
247 2815 403 2877 monacbis
417 2816 577 2877 confestim
590 2815 749 2876 Anatolius
761 2835 876 2892 unum,

64 2897 199 2971 Cominus
214 2921 242 2969 et
260 2911 392 2971 tunicam
405 2923 532 2971 ostentat
545 2912 705 2994 jactantior
718 2910 839 2989 albam,

64 2993 115 3074 Qui
126 3022 219 3069 vacuo
232 3005 363 3069 tumidus
377 3004 452 3066 salso
465 3006 662 3066 umbrabatur
674 3005 812 3082 bonore,

65 3085 204 3158 Candidus
216 3099 346 3177 exuviis,
363 3101 415 3160 sed
430 3099 508 3182 nigri
523 3099 681 3160 Daemonis
691 3113 773 3176 arte,

65 3178 126 3250 lode
139 3189 197 3254 ciet
210 3192 360 3276 reliquos,
373 3194 505 3260 occurrit
520 3192 628 3258 Clarus
642 3207 672 3257 et
686 3194 770 3282 ipse,
