<?xml version="1.0" encoding="UTF-8"?>
<!DOCTYPE html PUBLIC "-//W3C//DTD XHTML 1.0 Transitional//EN"
    "http://www.w3.org/TR/xhtml1/DTD/xhtml1-transitional.dtd">
<html xmlns="http://www.w3.org/1999/xhtml" xml:lang="en" lang="en">
 <head>
  <title>
</title>
<meta http-equiv="Content-Type" content="text/html;charset=utf-8" />
  <meta name='ocr-system' content='tesseract 3.04.00' />
  <meta name='ocr-capabilities' content='ocr_page ocr_carea ocr_par ocr_line ocrx_word'/>
</head>
<body>
  <div class='ocr_page' id='page_1' title='image "./venantiihonorii00unkngoog_0264.png"; bbox 0 0 2222 3852; ppageno 0'>
   <div class='ocr_carea' id='block_1_1' title="bbox 142 284 980 501">
    <p class='ocr_par' dir='ltr' id='par_1_1' title="bbox 142 284 980 501">
     <span class='ocr_line' id='line_1_1' title="bbox 142 284 761 360; baseline -0.006 -14"><span class='ocrx_word' id='word_1_1' title='bbox 142 284 204 360; x_wconf 73' lang='lat'>248</span> <span class='ocrx_word' id='word_1_2' title='bbox 396 289 435 344; x_wconf 72' lang='lat' dir='ltr'>v.</span> <span class='ocrx_word' id='word_1_3' title='bbox 454 293 489 344; x_wconf 82' lang='lat' dir='ltr'>n</span> <span class='ocrx_word' id='word_1_4' title='bbox 509 291 761 344; x_wconf 79' lang='lat' dir='ltr'>ronrunarr</span> 
     </span>
     <span class='ocr_line' id='line_1_2' title="bbox 199 445 980 501; baseline 0.001 -1"><span class='ocrx_word' id='word_1_5' title='bbox 199 446 268 500; x_wconf 77' lang='lat' dir='ltr'><strong>xlv.</strong></span> <span class='ocrx_word' id='word_1_6' title='bbox 286 447 325 499; x_wconf 79' lang='lat' dir='ltr'>ru</span> <span class='ocrx_word' id='word_1_7' title='bbox 341 446 492 498; x_wconf 74' lang='lat' dir='ltr'>uanum</span> <span class='ocrx_word' id='word_1_8' title='bbox 508 445 734 498; x_wconf 76' lang='lat' dir='ltr'>nrunnrorunr</span> <span class='ocrx_word' id='word_1_9' title='bbox 751 445 980 501; x_wconf 75' lang='lat' dir='ltr'>oonsturnnn.</span> 
     </span>
    </p>
   </div>
   <div class='ocr_carea' id='block_1_2' title="bbox 138 569 1033 3154">
    <p class='ocr_par' dir='ltr' id='par_1_2' title="bbox 142 569 1033 766">
     <span class='ocr_line' id='line_1_3' title="bbox 142 569 1033 673; baseline -0.003 -19"><span class='ocrx_word' id='word_1_10' title='bbox 142 569 231 654; x_wconf 78' lang='lat' dir='ltr'>Duas</span> <span class='ocrx_word' id='word_1_11' title='bbox 240 590 316 652; x_wconf 84' lang='lat' dir='ltr'>mihi</span> <span class='ocrx_word' id='word_1_12' title='bbox 328 591 420 652; x_wconf 79' lang='lat' dir='ltr'>fessus</span> <span class='ocrx_word' id='word_1_13' title='bbox 432 591 491 652; x_wconf 87' lang='lat' dir='ltr'>iter</span> <span class='ocrx_word' id='word_1_14' title='bbox 501 591 622 673; x_wconf 79' lang='lat' dir='ltr'>gradior</span> <span class='ocrx_word' id='word_1_15' title='bbox 629 612 728 672; x_wconf 88' lang='lat' dir='ltr'>prope</span> <span class='ocrx_word' id='word_1_16' title='bbox 740 591 836 652; x_wconf 85' lang='lat' dir='ltr'>noetis</span> <span class='ocrx_word' id='word_1_17' title='bbox 850 591 883 650; x_wconf 90' lang='lat' dir='ltr'>in</span> <span class='ocrx_word' id='word_1_18' title='bbox 895 590 1033 665; x_wconf 83' lang='lat' dir='ltr'>umbra,</span> 
     </span>
     <span class='ocr_line' id='line_1_4' title="bbox 182 683 716 766; baseline -0.004 -20"><span class='ocrx_word' id='word_1_19' title='bbox 182 683 263 746; x_wconf 87' lang='lat' dir='ltr'>Solis</span> <span class='ocrx_word' id='word_1_20' title='bbox 277 685 308 744; x_wconf 93' lang='lat' dir='ltr'>in</span> <span class='ocrx_word' id='word_1_21' title='bbox 322 703 429 745; x_wconf 85' lang='lat' dir='ltr'>occasu</span> <span class='ocrx_word' id='word_1_22' title='bbox 440 687 502 766; x_wconf 81' lang='lat' dir='ltr'>jam</span> <span class='ocrx_word' id='word_1_23' title='bbox 515 684 646 766; x_wconf 77' lang='lat' dir='ltr'>fugiente</span> <span class='ocrx_word' id='word_1_24' title='bbox 656 685 716 744; x_wconf 89' lang='lat' dir='ltr'>die.</span> 
     </span>
    </p>

    <p class='ocr_par' dir='ltr' id='par_1_3' title="bbox 143 777 894 950">
     <span class='ocr_line' id='line_1_5' title="bbox 143 777 894 860; baseline -0.008 -16"><span class='ocrx_word' id='word_1_25' title='bbox 143 777 224 844; x_wconf 86' lang='lat' dir='ltr'>Cum</span> <span class='ocrx_word' id='word_1_26' title='bbox 234 797 325 860; x_wconf 90' lang='lat' dir='ltr'>super</span> <span class='ocrx_word' id='word_1_27' title='bbox 336 778 483 838; x_wconf 84' lang='lat' dir='ltr'>undarum</span> <span class='ocrx_word' id='word_1_28' title='bbox 494 777 655 838; x_wconf 79' lang='lat' dir='ltr'>viridantes</span> <span class='ocrx_word' id='word_1_29' title='bbox 663 777 800 859; x_wconf 78' lang='lat' dir='ltr'>gramine</span> <span class='ocrx_word' id='word_1_30' title='bbox 812 777 894 858; x_wconf 85' lang='lat' dir='ltr'>ripas</span> 
     </span>
     <span class='ocr_line' id='line_1_6' title="bbox 183 869 764 950; baseline -0.007 -17"><span class='ocrx_word' id='word_1_31' title='bbox 183 869 296 933; x_wconf 85' lang='lat' dir='ltr'>Pascua</span> <span class='ocrx_word' id='word_1_32' title='bbox 307 870 466 950; x_wconf 84' lang='lat' dir='ltr'>conspexi,</span> <span class='ocrx_word' id='word_1_33' title='bbox 481 882 581 950; x_wconf 86' lang='lat' dir='ltr'>pastus</span> <span class='ocrx_word' id='word_1_34' title='bbox 592 883 621 930; x_wconf 93' lang='lat' dir='ltr'>et</span> <span class='ocrx_word' id='word_1_35' title='bbox 632 870 697 950; x_wconf 88' lang='lat' dir='ltr'>ipse</span> <span class='ocrx_word' id='word_1_36' title='bbox 709 870 764 929; x_wconf 86' lang='lat' dir='ltr'>fui.</span> 
     </span>
    </p>

    <p class='ocr_par' dir='ltr' id='par_1_4' title="bbox 141 961 833 1136">
     <span class='ocr_line' id='line_1_7' title="bbox 141 961 833 1042; baseline -0.006 -16"><span class='ocrx_word' id='word_1_37' title='bbox 141 961 214 1026; x_wconf 85' lang='lat' dir='ltr'>Huc</span> <span class='ocrx_word' id='word_1_38' title='bbox 227 962 320 1025; x_wconf 90' lang='lat' dir='ltr'>oculis</span> <span class='ocrx_word' id='word_1_39' title='bbox 332 974 435 1042; x_wconf 87' lang='lat' dir='ltr'>captus</span> <span class='ocrx_word' id='word_1_40' title='bbox 448 976 519 1024; x_wconf 81' lang='lat' dir='ltr'>voto</span> <span class='ocrx_word' id='word_1_41' title='bbox 532 965 659 1025; x_wconf 76' lang='lat' dir='ltr'>ducente</span> <span class='ocrx_word' id='word_1_42' title='bbox 671 963 833 1038; x_wconf 71' lang='lat' dir='ltr'>traheBar,</span> 
     </span>
     <span class='ocr_line' id='line_1_8' title="bbox 180 1054 806 1136; baseline -0.003 -19"><span class='ocrx_word' id='word_1_43' title='bbox 180 1054 411 1134; x_wconf 84' lang='lat' dir='ltr'>Deflectensque</span> <span class='ocrx_word' id='word_1_44' title='bbox 422 1055 504 1116; x_wconf 85' lang='lat' dir='ltr'>viam</span> <span class='ocrx_word' id='word_1_45' title='bbox 516 1057 712 1136; x_wconf 79' lang='lat' dir='ltr'>prosperiora</span> <span class='ocrx_word' id='word_1_46' title='bbox 723 1069 806 1136; x_wconf 90' lang='lat' dir='ltr'>peto.</span> 
     </span>
    </p>

    <p class='ocr_par' dir='ltr' id='par_1_5' title="bbox 143 1146 840 1314">
     <span class='ocr_line' id='line_1_9' title="bbox 143 1146 840 1231; baseline -0.003 -21"><span class='ocrx_word' id='word_1_47' title='bbox 143 1146 373 1210; x_wconf 85' lang='lat' dir='ltr'>Mummoienus</span> <span class='ocrx_word' id='word_1_48' title='bbox 385 1149 469 1208; x_wconf 83' lang='lat' dir='ltr'>eninr</span> <span class='ocrx_word' id='word_1_49' title='bbox 482 1149 534 1227; x_wconf 92' lang='lat' dir='ltr'>qui</span> <span class='ocrx_word' id='word_1_50' title='bbox 547 1148 625 1209; x_wconf 86' lang='lat' dir='ltr'>celsa</span> <span class='ocrx_word' id='word_1_51' title='bbox 638 1148 750 1228; x_wconf 83' lang='lat' dir='ltr'>palatia</span> <span class='ocrx_word' id='word_1_52' title='bbox 763 1148 840 1231; x_wconf 80' lang='lat' dir='ltr'>regis</span> 
     </span>
     <span class='ocr_line' id='line_1_10' title="bbox 182 1239 722 1314; baseline -0.004 -13"><span class='ocrx_word' id='word_1_53' title='bbox 182 1240 259 1301; x_wconf 81' lang='lat' dir='ltr'>Altis</span> <span class='ocrx_word' id='word_1_54' title='bbox 272 1239 405 1302; x_wconf 87' lang='lat' dir='ltr'>consiliis</span> <span class='ocrx_word' id='word_1_55' title='bbox 416 1260 550 1302; x_wconf 91' lang='lat' dir='ltr'>crescere</span> <span class='ocrx_word' id='word_1_56' title='bbox 565 1241 621 1300; x_wconf 83' lang='lat' dir='ltr'>rite</span> <span class='ocrx_word' id='word_1_57' title='bbox 634 1240 722 1314; x_wconf 79' lang='lat' dir='ltr'>facit,</span> 
     </span>
    </p>

    <p class='ocr_par' dir='ltr' id='par_1_6' title="bbox 138 1333 927 1507">
     <span class='ocr_line' id='line_1_11' title="bbox 138 1333 777 1412; baseline -0.006 -16"><span class='ocrx_word' id='word_1_58' title='bbox 138 1333 223 1396; x_wconf 88' lang='lat' dir='ltr'>luter</span> <span class='ocrx_word' id='word_1_59' title='bbox 234 1334 372 1397; x_wconf 85' lang='lat' dir='ltr'>concives</span> <span class='ocrx_word' id='word_1_60' title='bbox 384 1334 494 1394; x_wconf 91' lang='lat' dir='ltr'>merito</span> <span class='ocrx_word' id='word_1_61' title='bbox 505 1333 556 1412; x_wconf 91' lang='lat' dir='ltr'>qui</span> <span class='ocrx_word' id='word_1_62' title='bbox 570 1334 670 1395; x_wconf 89' lang='lat' dir='ltr'>carior</span> <span class='ocrx_word' id='word_1_63' title='bbox 682 1346 777 1407; x_wconf 80' lang='lat' dir='ltr'>extat,</span> 
     </span>
     <span class='ocr_line' id='line_1_12' title="bbox 183 1423 927 1507; baseline -0.007 -18"><span class='ocrx_word' id='word_1_64' title='bbox 183 1426 345 1507; x_wconf 88' lang='lat' dir='ltr'>Quemque</span> <span class='ocrx_word' id='word_1_65' title='bbox 358 1445 450 1507; x_wconf 86' lang='lat' dir='ltr'>snper</span> <span class='ocrx_word' id='word_1_66' title='bbox 460 1445 601 1507; x_wconf 82' lang='lat' dir='ltr'>proceres</span> <span class='ocrx_word' id='word_1_67' title='bbox 614 1426 701 1487; x_wconf 88' lang='lat' dir='ltr'>unica</span> <span class='ocrx_word' id='word_1_68' title='bbox 713 1425 815 1506; x_wconf 85' lang='lat' dir='ltr'>palma</span> <span class='ocrx_word' id='word_1_69' title='bbox 826 1423 927 1500; x_wconf 75' lang='lat' dir='ltr'>ierat,</span> 
     </span>
    </p>

    <p class='ocr_par' dir='ltr' id='par_1_7' title="bbox 140 1517 913 1694">
     <span class='ocr_line' id='line_1_13' title="bbox 140 1517 913 1599; baseline -0.008 -15"><span class='ocrx_word' id='word_1_70' title='bbox 140 1517 308 1584; x_wconf 74' lang='lat' dir='ltr'>Nobilitate</span> <span class='ocrx_word' id='word_1_71' title='bbox 322 1530 443 1599; x_wconf 84' lang='lat' dir='ltr'>potens,</span> <span class='ocrx_word' id='word_1_72' title='bbox 458 1519 561 1578; x_wconf 88' lang='lat' dir='ltr'>animo</span> <span class='ocrx_word' id='word_1_73' title='bbox 573 1519 690 1592; x_wconf 86' lang='lat' dir='ltr'>bonus,</span> <span class='ocrx_word' id='word_1_74' title='bbox 704 1537 758 1577; x_wconf 89' lang='lat' dir='ltr'>ore</span> <span class='ocrx_word' id='word_1_75' title='bbox 772 1538 913 1593; x_wconf 86' lang='lat' dir='ltr'>serenos,</span> 
     </span>
     <span class='ocr_line' id='line_1_14' title="bbox 183 1609 747 1694; baseline -0.007 -22"><span class='ocrx_word' id='word_1_76' title='bbox 183 1609 308 1694; x_wconf 77' lang='lat' dir='ltr'>Ingenio</span> <span class='ocrx_word' id='word_1_77' title='bbox 322 1609 432 1684; x_wconf 85' lang='lat' dir='ltr'>solers,</span> <span class='ocrx_word' id='word_1_78' title='bbox 447 1621 478 1670; x_wconf 90' lang='lat' dir='ltr'>et</span> <span class='ocrx_word' id='word_1_79' title='bbox 488 1610 637 1691; x_wconf 89' lang='lat' dir='ltr'>probitate</span> <span class='ocrx_word' id='word_1_80' title='bbox 648 1628 747 1691; x_wconf 81' lang='lat' dir='ltr'>sagax:</span> 
     </span>
    </p>

    <p class='ocr_par' dir='ltr' id='par_1_8' title="bbox 144 1699 852 1874">
     <span class='ocr_line' id='line_1_15' title="bbox 144 1699 852 1786; baseline -0.01 -21"><span class='ocrx_word' id='word_1_81' title='bbox 144 1699 205 1768; x_wconf 89' lang='lat' dir='ltr'>Cui</span> <span class='ocrx_word' id='word_1_82' title='bbox 214 1721 306 1786; x_wconf 73' lang='lat' dir='ltr'>genus</span> <span class='ocrx_word' id='word_1_83' title='bbox 319 1721 336 1762; x_wconf 88' lang='lat' dir='ltr'>a</span> <span class='ocrx_word' id='word_1_84' title='bbox 348 1702 468 1782; x_wconf 82' lang='lat' dir='ltr'>proavis</span> <span class='ocrx_word' id='word_1_85' title='bbox 482 1701 609 1761; x_wconf 88' lang='lat' dir='ltr'>radianti</span> <span class='ocrx_word' id='word_1_86' title='bbox 622 1701 687 1762; x_wconf 89' lang='lat' dir='ltr'>luce</span> <span class='ocrx_word' id='word_1_87' title='bbox 700 1711 852 1774; x_wconf 86' lang='lat' dir='ltr'>coruscat,</span> 
     </span>
     <span class='ocr_line' id='line_1_16' title="bbox 183 1792 844 1874; baseline -0.003 -20"><span class='ocrx_word' id='word_1_88' title='bbox 183 1792 323 1856; x_wconf 87' lang='lat' dir='ltr'>Moribus</span> <span class='ocrx_word' id='word_1_89' title='bbox 333 1794 397 1874; x_wconf 90' lang='lat' dir='ltr'>ipse</span> <span class='ocrx_word' id='word_1_90' title='bbox 409 1807 510 1854; x_wconf 91' lang='lat' dir='ltr'>tamen</span> <span class='ocrx_word' id='word_1_91' title='bbox 526 1794 596 1855; x_wconf 86' lang='lat' dir='ltr'>vicit</span> <span class='ocrx_word' id='word_1_92' title='bbox 607 1793 723 1853; x_wconf 85' lang='lat' dir='ltr'>honore</span> <span class='ocrx_word' id='word_1_93' title='bbox 736 1805 844 1872; x_wconf 85' lang='lat' dir='ltr'>patres.</span> 
     </span>
    </p>

    <p class='ocr_par' dir='ltr' id='par_1_9' title="bbox 142 1884 864 2058">
     <span class='ocr_line' id='line_1_17' title="bbox 142 1884 864 1969; baseline -0.012 -17"><span class='ocrx_word' id='word_1_94' title='bbox 142 1886 214 1952; x_wconf 82' lang='lat' dir='ltr'>Huc</span> <span class='ocrx_word' id='word_1_95' title='bbox 224 1905 294 1969; x_wconf 84' lang='lat' dir='ltr'>ergo</span> <span class='ocrx_word' id='word_1_96' title='bbox 308 1886 469 1947; x_wconf 88' lang='lat' dir='ltr'>adveniens</span> <span class='ocrx_word' id='word_1_97' title='bbox 482 1885 578 1968; x_wconf 89' lang='lat' dir='ltr'>epulis</span> <span class='ocrx_word' id='word_1_98' title='bbox 588 1885 721 1967; x_wconf 81' lang='lat' dir='ltr'>expletus</span> <span class='ocrx_word' id='word_1_99' title='bbox 733 1884 864 1965; x_wconf 87' lang='lat' dir='ltr'>opimis,</span> 
     </span>
     <span class='ocr_line' id='line_1_18' title="bbox 183 1977 864 2058; baseline -0.007 -18"><span class='ocrx_word' id='word_1_100' title='bbox 183 1979 287 2058; x_wconf 84' lang='lat' dir='ltr'>Quem</span> <span class='ocrx_word' id='word_1_101' title='bbox 301 1979 426 2054; x_wconf 84' lang='lat' dir='ltr'>vidisse,</span> <span class='ocrx_word' id='word_1_102' title='bbox 441 1979 517 2040; x_wconf 83' lang='lat' dir='ltr'>mihi</span> <span class='ocrx_word' id='word_1_103' title='bbox 531 1979 663 2040; x_wconf 86' lang='lat' dir='ltr'>constitit</span> <span class='ocrx_word' id='word_1_104' title='bbox 674 1997 737 2038; x_wconf 88' lang='lat' dir='ltr'>esse</span> <span class='ocrx_word' id='word_1_105' title='bbox 751 1977 864 2038; x_wconf 83' lang='lat' dir='ltr'>cibum.</span> 
     </span>
    </p>

    <p class='ocr_par' dir='ltr' id='par_1_10' title="bbox 141 2069 1001 2226">
     <span class='ocr_line' id='line_1_19' title="bbox 141 2069 1001 2154; baseline -0.005 -18"><span class='ocrx_word' id='word_1_106' title='bbox 141 2070 270 2136; x_wconf 64' lang='lat' dir='ltr'>fercula</span> <span class='ocrx_word' id='word_1_107' title='bbox 283 2089 390 2154; x_wconf 80' lang='lat' dir='ltr'>magna</span> <span class='ocrx_word' id='word_1_108' title='bbox 403 2072 526 2151; x_wconf 88' lang='lat' dir='ltr'>quidem</span> <span class='ocrx_word' id='word_1_109' title='bbox 539 2070 665 2151; x_wconf 83' lang='lat' dir='ltr'>dapibus</span> <span class='ocrx_word' id='word_1_110' title='bbox 678 2069 829 2132; x_wconf 86' lang='lat' dir='ltr'>cumulata</span> <span class='ocrx_word' id='word_1_111' title='bbox 837 2069 1001 2154; x_wconf 80' lang='lat' dir='ltr'>benignis,</span> 
     </span>
     <span class='ocr_line' id='line_1_20' title="bbox 183 2162 819 2226; baseline -0.009 0"><span class='ocrx_word' id='word_1_112' title='bbox 183 2163 229 2226; x_wconf 81' lang='lat' dir='ltr'>Ac</span> <span class='ocrx_word' id='word_1_113' title='bbox 241 2164 266 2225; x_wconf 90' lang='lat' dir='ltr'>si</span> <span class='ocrx_word' id='word_1_114' title='bbox 280 2162 358 2224; x_wconf 92' lang='lat' dir='ltr'>colle</span> <span class='ocrx_word' id='word_1_115' title='bbox 371 2175 489 2223; x_wconf 87' lang='lat' dir='ltr'>tumens</span> <span class='ocrx_word' id='word_1_116' title='bbox 502 2163 599 2224; x_wconf 90' lang='lat' dir='ltr'>discus</span> <span class='ocrx_word' id='word_1_117' title='bbox 613 2175 736 2223; x_wconf 89' lang='lat' dir='ltr'>onustus</span> <span class='ocrx_word' id='word_1_118' title='bbox 746 2174 819 2222; x_wconf 87' lang='lat' dir='ltr'>erat.</span> 
     </span>
    </p>

    <p class='ocr_par' dir='ltr' id='par_1_11' title="bbox 139 2253 1002 2431">
     <span class='ocr_line' id='line_1_21' title="bbox 139 2253 1002 2338; baseline -0.005 -18"><span class='ocrx_word' id='word_1_119' title='bbox 139 2255 284 2338; x_wconf 88' lang='lat' dir='ltr'>Undique</span> <span class='ocrx_word' id='word_1_120' title='bbox 296 2255 407 2316; x_wconf 89' lang='lat' dir='ltr'>montis</span> <span class='ocrx_word' id='word_1_121' title='bbox 424 2275 499 2336; x_wconf 89' lang='lat' dir='ltr'>opus</span> <span class='ocrx_word' id='word_1_122' title='bbox 511 2255 644 2315; x_wconf 90' lang='lat' dir='ltr'>medium</span> <span class='ocrx_word' id='word_1_123' title='bbox 658 2255 740 2334; x_wconf 89' lang='lat' dir='ltr'>quasi</span> <span class='ocrx_word' id='word_1_124' title='bbox 753 2253 836 2315; x_wconf 81' lang='lat' dir='ltr'>vallis</span> <span class='ocrx_word' id='word_1_125' title='bbox 848 2253 1002 2331; x_wconf 83' lang='lat' dir='ltr'>habebat,</span> 
     </span>
     <span class='ocr_line' id='line_1_22' title="bbox 183 2347 754 2431; baseline -0.005 -20"><span class='ocrx_word' id='word_1_126' title='bbox 183 2349 256 2431; x_wconf 90' lang='lat' dir='ltr'>Quo</span> <span class='ocrx_word' id='word_1_127' title='bbox 271 2347 396 2410; x_wconf 88' lang='lat' dir='ltr'>meliore</span> <span class='ocrx_word' id='word_1_128' title='bbox 409 2348 458 2410; x_wconf 83' lang='lat' dir='ltr'>via</span> <span class='ocrx_word' id='word_1_129' title='bbox 468 2349 559 2429; x_wconf 90' lang='lat' dir='ltr'>piscis</span> <span class='ocrx_word' id='word_1_130' title='bbox 572 2349 677 2431; x_wconf 78' lang='lat' dir='ltr'>agebat</span> <span class='ocrx_word' id='word_1_131' title='bbox 688 2349 754 2408; x_wconf 89' lang='lat' dir='ltr'>iter.</span> 
     </span>
    </p>

    <p class='ocr_par' dir='ltr' id='par_1_12' title="bbox 142 2440 945 2617">
     <span class='ocr_line' id='line_1_23' title="bbox 142 2440 945 2523; baseline -0.005 -16"><span class='ocrx_word' id='word_1_132' title='bbox 142 2442 199 2508; x_wconf 83' lang='lat' dir='ltr'>tlte</span> <span class='ocrx_word' id='word_1_133' title='bbox 212 2456 315 2504; x_wconf 87' lang='lat' dir='ltr'>natans</span> <span class='ocrx_word' id='word_1_134' title='bbox 328 2441 432 2503; x_wconf 88' lang='lat' dir='ltr'>oleum</span> <span class='ocrx_word' id='word_1_135' title='bbox 442 2461 499 2523; x_wconf 93' lang='lat' dir='ltr'>pro</span> <span class='ocrx_word' id='word_1_136' title='bbox 511 2442 615 2516; x_wconf 86' lang='lat' dir='ltr'>undis,</span> <span class='ocrx_word' id='word_1_137' title='bbox 628 2461 685 2522; x_wconf 90' lang='lat' dir='ltr'>pro</span> <span class='ocrx_word' id='word_1_138' title='bbox 699 2440 810 2522; x_wconf 81' lang='lat' dir='ltr'>cespite</span> <span class='ocrx_word' id='word_1_139' title='bbox 824 2440 945 2505; x_wconf 87' lang='lat' dir='ltr'>discum</span> 
     </span>
     <span class='ocr_line' id='line_1_24' title="bbox 181 2533 783 2617; baseline -0.003 -21"><span class='ocrx_word' id='word_1_140' title='bbox 181 2533 330 2609; x_wconf 80' lang='lat' dir='ltr'>Inuoluit,</span> <span class='ocrx_word' id='word_1_141' title='bbox 344 2535 391 2596; x_wconf 85' lang='lat' dir='ltr'>eui</span> <span class='ocrx_word' id='word_1_142' title='bbox 406 2554 464 2616; x_wconf 91' lang='lat' dir='ltr'>pro</span> <span class='ocrx_word' id='word_1_143' title='bbox 477 2534 589 2617; x_wconf 84' lang='lat' dir='ltr'>gurgite</span> <span class='ocrx_word' id='word_1_144' title='bbox 603 2553 709 2595; x_wconf 85' lang='lat' dir='ltr'>mensa·</span> <span class='ocrx_word' id='word_1_145' title='bbox 719 2533 783 2594; x_wconf 78' lang='lat' dir='ltr'>suit.</span> 
     </span>
    </p>

    <p class='ocr_par' dir='ltr' id='par_1_13' title="bbox 138 2625 922 2802">
     <span class='ocr_line' id='line_1_25' title="bbox 138 2625 922 2707; baseline -0.005 -17"><span class='ocrx_word' id='word_1_146' title='bbox 138 2625 279 2690; x_wconf 75' lang='lat' dir='ltr'>Attamen</span> <span class='ocrx_word' id='word_1_147' title='bbox 293 2639 360 2688; x_wconf 85' lang='lat' dir='ltr'>ante</span> <span class='ocrx_word' id='word_1_148' title='bbox 374 2626 454 2687; x_wconf 91' lang='lat' dir='ltr'>aliud</span> <span class='ocrx_word' id='word_1_149' title='bbox 467 2627 535 2686; x_wconf 87' lang='lat' dir='ltr'>data</span> <span class='ocrx_word' id='word_1_150' title='bbox 547 2639 613 2687; x_wconf 91' lang='lat' dir='ltr'>sunt</span> <span class='ocrx_word' id='word_1_151' title='bbox 628 2626 702 2685; x_wconf 90' lang='lat' dir='ltr'>mihi</span> <span class='ocrx_word' id='word_1_152' title='bbox 714 2626 798 2686; x_wconf 88' lang='lat' dir='ltr'>mitia</span> <span class='ocrx_word' id='word_1_153' title='bbox 810 2645 922 2707; x_wconf 87' lang='lat' dir='ltr'>poma,</span> 
     </span>
     <span class='ocr_line' id='line_1_26' title="bbox 181 2715 823 2802; baseline -0.003 -22"><span class='ocrx_word' id='word_1_154' title='bbox 181 2715 302 2781; x_wconf 82' lang='lat' dir='ltr'>Persica</span> <span class='ocrx_word' id='word_1_155' title='bbox 314 2738 378 2797; x_wconf 87' lang='lat' dir='ltr'>quae</span> <span class='ocrx_word' id='word_1_156' title='bbox 390 2719 469 2802; x_wconf 83' lang='lat' dir='ltr'>vulgi</span> <span class='ocrx_word' id='word_1_157' title='bbox 482 2719 607 2780; x_wconf 89' lang='lat' dir='ltr'>nomine</span> <span class='ocrx_word' id='word_1_158' title='bbox 618 2719 696 2780; x_wconf 87' lang='lat' dir='ltr'>dicta</span> <span class='ocrx_word' id='word_1_159' title='bbox 708 2731 823 2778; x_wconf 74' lang='lat' dir='ltr'>sonant.</span> 
     </span>
    </p>

    <p class='ocr_par' dir='ltr' id='par_1_14' title="bbox 139 2809 901 2986">
     <span class='ocr_line' id='line_1_27' title="bbox 139 2809 858 2895; baseline -0.003 -23"><span class='ocrx_word' id='word_1_160' title='bbox 139 2809 272 2872; x_wconf 72' lang='lat' dir='ltr'>Lotttvit</span> <span class='ocrx_word' id='word_1_161' title='bbox 283 2810 396 2886; x_wconf 86' lang='lat' dir='ltr'>dando,</span> <span class='ocrx_word' id='word_1_162' title='bbox 409 2812 461 2872; x_wconf 92' lang='lat' dir='ltr'>sed</span> <span class='ocrx_word' id='word_1_163' title='bbox 473 2831 536 2871; x_wconf 89' lang='lat' dir='ltr'>non</span> <span class='ocrx_word' id='word_1_164' title='bbox 551 2832 605 2895; x_wconf 80' lang='lat' dir='ltr'>ego</span> <span class='ocrx_word' id='word_1_165' title='bbox 618 2812 711 2872; x_wconf 88' lang='lat' dir='ltr'>lassor</span> <span class='ocrx_word' id='word_1_166' title='bbox 724 2811 858 2886; x_wconf 84' lang='lat' dir='ltr'>edendo,</span> 
     </span>
     <span class='ocr_line' id='line_1_28' title="bbox 181 2900 901 2986; baseline 0.003 -24"><span class='ocrx_word' id='word_1_167' title='bbox 181 2900 316 2966; x_wconf 88' lang='lat' dir='ltr'>Vocibus</span> <span class='ocrx_word' id='word_1_168' title='bbox 327 2901 398 2965; x_wconf 90' lang='lat' dir='ltr'>hinc</span> <span class='ocrx_word' id='word_1_169' title='bbox 410 2923 535 2986; x_wconf 78' lang='lat' dir='ltr'>cogens,</span> <span class='ocrx_word' id='word_1_170' title='bbox 548 2903 618 2966; x_wconf 89' lang='lat' dir='ltr'>hinc</span> <span class='ocrx_word' id='word_1_171' title='bbox 630 2904 789 2965; x_wconf 89' lang='lat' dir='ltr'>tribuendo</span> <span class='ocrx_word' id='word_1_172' title='bbox 799 2904 901 2983; x_wconf 89' lang='lat' dir='ltr'>dapes.</span> 
     </span>
    </p>

    <p class='ocr_par' dir='ltr' id='par_1_15' title="bbox 140 2991 928 3154">
     <span class='ocr_line' id='line_1_29' title="bbox 140 2991 928 3078; baseline -0.001 -20"><span class='ocrx_word' id='word_1_173' title='bbox 140 2991 215 3058; x_wconf 81' lang='lat' dir='ltr'>Mox</span> <span class='ocrx_word' id='word_1_174' title='bbox 226 2994 308 3075; x_wconf 81' lang='lat' dir='ltr'>quusi</span> <span class='ocrx_word' id='word_1_175' title='bbox 322 2995 491 3078; x_wconf 89' lang='lat' dir='ltr'>parturiens</span> <span class='ocrx_word' id='word_1_176' title='bbox 502 2995 600 3057; x_wconf 88' lang='lat' dir='ltr'>subito</span> <span class='ocrx_word' id='word_1_177' title='bbox 614 3015 663 3056; x_wconf 90' lang='lat' dir='ltr'>me</span> <span class='ocrx_word' id='word_1_178' title='bbox 676 3008 779 3058; x_wconf 89' lang='lat' dir='ltr'>ventre</span> <span class='ocrx_word' id='word_1_179' title='bbox 792 2993 928 3075; x_wconf 73' lang='lat' dir='ltr'>tetendi,</span> 
     </span>
     <span class='ocr_line' id='line_1_30' title="bbox 180 3087 812 3154; baseline 0 -4"><span class='ocrx_word' id='word_1_180' title='bbox 180 3087 345 3154; x_wconf 75' lang='lat' dir='ltr'>Admittus</span> <span class='ocrx_word' id='word_1_181' title='bbox 358 3101 475 3152; x_wconf 88' lang='lat' dir='ltr'>uterum</span> <span class='ocrx_word' id='word_1_182' title='bbox 487 3087 530 3152; x_wconf 87' lang='lat' dir='ltr'>sic</span> <span class='ocrx_word' id='word_1_183' title='bbox 543 3087 685 3152; x_wconf 85' lang='lat' dir='ltr'>tumuisse</span> <span class='ocrx_word' id='word_1_184' title='bbox 698 3107 812 3151; x_wconf 84' lang='lat' dir='ltr'>meum.</span> 
     </span>
    </p>
   </div>
   <div class='ocr_carea' id='block_1_3' title="bbox 0 0 1116 3852">
    <p class='ocr_par' dir='ltr' id='par_1_16' title="bbox 0 0 1116 3852">
     <span class='ocr_line' id='line_1_31' title="bbox 0 0 1116 3852; baseline 0 0"><span class='ocrx_word' id='word_1_185' title='bbox 0 0 1116 3852; x_wconf 95' lang='lat' dir='ltr'> </span> 
     </span>
    </p>
   </div>
  </div>
 </body>
</html>
