2222 3844
132 255 172 318 32
380 269 412 322 V.
439 270 762 327 ΗΓΡΟΚΤΠΝΛΤΙ

133 363 212 444 Quae
224 381 296 424 nam
309 361 370 424 vita
382 362 466 439 seni,
486 363 532 424 vel
548 384 607 444 quo
622 363 698 424 mihi
711 364 770 426 vita
783 364 924 444 parenti,

133 455 196 542 Spe
209 470 354 540 pereunte
366 457 459 541 patris
472 478 542 520 cum
555 459 681 519 nomine
693 458 790 540 prolis
800 459 970 543 ademptae?

134 552 206 633 Qua
215 553 348 614 nubente
362 553 515 634 viro,'per
528 553 608 613 dona
621 552 719 614 futura
730 565 879 634 nepotum
917 545 920 552 ’

132 648 245 709 Aridus
258 647 290 707 in
304 646 395 706 ramis
408 659 547 728 poteram
562 647 744 709 revirescere
758 637 870 729 prolis,

134 741 217 804 Cum
230 742 324 824 magis
336 740 399 802 haec
409 754 548 823 reputem
559 742 716 822 praesentis
729 743 839 802 damna
850 741 951 802 salutis

133 835 189 898 Me
201 850 372 918 spectante,
386 837 453 918 rapi
466 848 568 896 natam
581 857 651 897 mea
664 835 780 896 lumina
792 836 851 898 luci
864 859 872 897 ε
915 837 931 856 ’“

135 927 257 992 Ordine
269 930 416 1013 disposito
429 929 539 991 melius
552 930 600 992 'cui
616 936 701 992 causa
715 929 871 1012 placeret,

133 1023 182 1085 Ut
192 1024 272 1086 senis
284 1025 336 1086 illa
348 1024 444 1106 patris
457 1024 615 1086 oculorum
630 1025 784 1086 clauderet
794 1026 893 1088 orbes.

135 1117 249 1197 Unde,
260 1141 361 1198 sacer,
377 1120 500 1204 dignare
513 1119 631 1181 avidam
645 1120 828 1200 suspendere
841 1133 973 1182 mortem
985 1143 994 1194 ;

136 1213 237 1297 Atque
250 1215 390 1277 minister
402 1214 471 1297 opis
483 1214 636 1295 rapiendae
650 1234 774 1275 occurre
786 1213 894 1294 puellae
908 1239 915 1274 :

137 1308 173 1372 Si
185 1331 273 1372 mora
285 1312 341 1387 sit,
355 1331 424 1372 mea
437 1330 527 1374 causa
539 1309 636 1391 perit;
653 1328 791 1371 succurre
805 1309 941 1371 duobus:

134 1406 221 1468 Nam
234 1427 284 1466 me
299 1425 369 1468 cura
380 1403 487 1481 necat,
508 1406 533 1467 si
546 1403 591 1465 illi
605 1403 719 1466 curatio
733 1415 835 1464 cessat.

138 1501 211 1582 Qua
222 1519 309 1562 sacer
322 1500 443 1562 erubuit
454 1499 598 1562 confusus
610 1518 685 1560 voce
698 1499 857 1576 sacerdos,

136 1594 300 1678 Indignum
314 1614 377 1654 sese
389 1593 442 1654 tali
455 1594 564 1655 virtute
578 1591 762 1652 ministrum.

142 1687 205 1750 Sed
217 1698 305 1770 pater
316 1687 444 1749 instabat
457 1685 645 1768 compellans
657 1686 781 1749 vocibus
793 1685 889 1748 isdem
900 1709 916 1760 ς.

139 1782 272 1846 Debitus
283 1783 395 1844 iusauis
408 1783 761 1863 medicusvenis,exere
784 1804 893 1846 curas:

142 1876 260 1940 Sentiat
272 1881 433 1940 adveutum
446 1879 559 1942 medici
574 1880 711 1963 purgatio
723 1879 840 1940 morbi.

143 1973 204 2035 His
216 1973 362 2057 impulsus
377 1974 439 2034 adit
450 1994 509 2055 qua
521 1973 597 2036 lassa
609 1974 711 2056 puella
723 1974 848 2057 jacebat.
922 1980 924 1990 '

141 2067 247 2130 'l'urba
260 2080 372 2130 astante
386 2068 460 2131 foris
470 2114 479 2146 ,
491 2073 495 2082 '
505 2068 616 2133 faceret
627 2070 700 2148 quid
710 2082 813 2150 pastor
825 2067 917 2130 ovili?

143 2163 229 2226 Hinc
242 2183 294 2224 sua
305 2163 386 2225 bella
398 2185 505 2248 gerens
518 2177 621 2226 orator
631 2164 668 2225 ad
681 2164 766 2225 arina
779 2163 923 2238 recurrit,

143 2256 288 2320 Sternens
303 2259 442 2320 membra
456 2258 539 2333 solo,
553 2279 641 2320 seusu
654 2279 744 2340 super
757 2271 836 2319 astra
848 2258 991 2319 reducto..

143 2352 229 2416 Hinc
242 2353 294 2414 ubi
308 2373 489 2438 consurgens
505 2353 614 2415 faciem
628 2351 781 2435 conspexit
791 2351 919 2412 alumnae
930 2394 946 2426 ,

141 2446 220 2509 llico
232 2469 289 2508 vox
301 2448 392 2508 rediit
405 2447 572 2531 peregrinis
585 2447 705 2509 sedibus
717 2447 852 2529 hospes,

141 2539 184 2601 Et
196 2542 329 2603 rediviva
342 2562 401 2602 suae
414 2542 591 2604 cecinerunt
602 2561 712 2624 organa
724 2541 833 2625 liuguae
847 2564 861 2600 :z

144 2634 354 2716 Paulatimque
368 2647 448 2695 artus
461 2635 563 2715 liquor
576 2648 607 2696 ut
620 2637 788 2717 penetravit
800 2634 894 2709 olivi,

143 2728 305 2791 Vivificata
318 2730 433 2810 pedum
445 2729 573 2813 geminis
584 2731 665 2792 stetit
678 2751 746 2794 arca
758 2729 926 2806 columnis,

144 2821 187 2883 Et
200 2823 322 2885 fundata
332 2843 386 2886 suo
401 2824 559 2908 viguerunt
572 2825 704 2888 culmina
717 2847 825 2910 gressu.

175 2940 226 2992 DE
252 2941 370 2996 SERVO
392 2944 561 2998 TETRADII
584 2947 608 2996 Α
627 2943 797 3026 DAEMQNE
819 2939 1019 3006 masuam,

373 3037 416 3074 ur
439 3038 516 3076 tuso
539 3037 721 3075 casparo.
745 3037 811 3073 xxr.

146 3095 237 3183 Posr
251 3141 371 3202 proque
383 3117 521 3186 Tetradii
535 3119 858 3206 famulusproconsulis
869 3110 997 3203 exspes,
