2218 3862
245 346 489 399 POEMATUM
514 347 633 401 LIBER
655 348 742 400 VllI·
871 339 928 402 301

55 440 162 518 Unde,
176 441 263 504 beate
276 455 377 522 pater,
392 459 559 522 properans
572 443 711 522 dependo
722 443 865 522 salutem,

93 535 215 618 Optans
226 535 390 618 longinquo
403 547 432 596 te
445 556 598 616 superesse
611 537 712 618 gradu.

56 627 141 694 Hinc
153 631 242 692 etiam
256 630 388 713 ingentes
398 630 492 690 reddo
506 629 561 690 tibi
575 643 697 709 pectore
709 621 821 713 grates,

96 723 226 786 Munere
240 745 296 806 pro
308 724 397 785 niveo
412 743 565 784 marmore
579 744 648 784 cum
662 722 763 785 Pario.

57 817 135 898 Quae
148 819 285 898 quotiens
299 818 394 900 epulae
408 818 490 879 disco
501 816 672 876 tribuuntur
685 817 717 877 in
731 816 800 893 illo,

95 912 135 972 In
149 912 220 971 doni
233 913 333 993 specie
347 924 376 971 te
389 911 501 992 pietate
512 911 623 970 vident.

56 1006 141 1067 Nam
153 1025 210 1086 pro
223 1025 410 1088 gemmarum
421 1005 499 1065 serie
512 1004 568 1064 tibi
580 1005 683 1064 reddat
696 1003 864 1080 honorem,

98 1097 160 1161 Cui
174 1099 241 1160 data
254 1098 432 1180 proliciunt,
447 1119 517 1160 crux
529 1099 698 1160 veneranda
709 1098 829 1158 throno.

166 1240 221 1291 Xl.
240 1239 294 1288 AD
310 1237 605 1292 DROCTOVEUM
623 1237 833 1291 ABBATEM.

57 1328 128 1410 Vnt
139 1349 324 1424 venerande,
337 1366 421 1410 sacer
433 1347 567 1423 meritis,
581 1347 737 1407 ethonore
751 1347 893 1422 colende,
938 1335 941 1338 ¹

98 1441 271 1503 Droctovee
284 1441 359 1500 mihi
373 1461 495 1522 semper
505 1460 610 1500 amore
625 1453 726 1521 pater,

59 1535 124 1616 Qui
138 1537 175 1597 de
187 1535 339 1616 discipulis
353 1533 503 1595 Germani
518 1534 573 1596 rite
587 1534 683 1609 beati,

99 1627 220 1690 Norma
233 1627 395 1711 magisterii
408 1627 501 1689 sactus
515 1647 546 1688 es
559 1627 624 1708 ipse
635 1627 691 1687 sui.

60 1719 155 1801 Cujus
167 1723 318 1803 pontificis
328 1741 412 1783 sacra
425 1742 480 1801 per
494 1720 614 1803 vestigia
627 1741 766 1795 currens,

99 1813 241 1895 Despicis
253 1815 332 1877 hunc
346 1815 510 1888 mundum,
526 1816 578 1876 sed
591 1816 676 1895 cupis
689 1816 733 1874 ire
747 1815 829 1896 polo.

58 1906 154 1990 Perge
168 1907 296 1968 libenter
309 1909 365 1968 iter
379 1908 447 1969 coeli
460 1929 617 1969 mansurus
630 1909 660 1968 in
676 1909 766 1983 orbe,

100 1999 141 2060 Et
155 2021 211 2082 pro
226 2021 274 2061 me
289 2001 402 2061 famulo
416 2023 514 2080 quaeso
527 2023 649 2084 precare
664 2001 778 2062 Deum.

112 2137 173 2190 Xll.
191 2137 240 2188 AD
257 2137 515 2190 FARAMUNDUM
531 2137 755 2190 FAMILIAREM
772 2135 889 2188 REGIS.

61 2224 189 2307 Duucts
202 2245 297 2310 amice
309 2246 402 2319 mihi,
416 2246 616 2306 memorabile
630 2265 744 2306 nomen
758 2245 900 2323 amantis,

102 2337 266 2420 Promptus
279 2339 310 2400 in
325 2339 431 2422 officiis
443 2340 489 2400 vir
503 2337 694 2400 Faramunde
708 2338 806 2398 bonis.

61 2431 94 2494 Si
107 2455 171 2494 non
184 2435 247 2515 ipse
260 2433 336 2510 adii,
350 2446 380 2494 te
392 2433 499 2516 pagina
511 2435 600 2494 missa
611 2432 733 2506 salutet,

101 2525 209 2589 Solvat
219 2540 248 2588 et
260 2527 437 2606 obsequium
450 2527 643 2605 quodminus
657 2526 721 2606 ipse
731 2543 813 2606 gero.

62 2618 325 2700 Commendesque
338 2620 435 2681 libens
448 2620 579 2680 dominis
593 2638 642 2679 me
655 2618 772 2702 regibus
785 2637 857 2694 oro,

15 2775 17 2808 Ι
100 2713 142 2774 Et
155 2715 266 2774 releras
278 2726 373 2796 grates
388 2734 444 2795 pro
457 2714 577 2794 pietatis
589 2733 658 2793 ope.

61 2805 204 2888 lmpenso
218 2807 326 2869 affectu
336 2828 385 2866 me
399 2807 506 2888 pagina
519 2819 614 2867 vestra
627 2804 774 2884 requirat,

102 2901 176 2964 Hoc
187 2913 338 2962 remeante
352 2914 452 2960 tamen
462 2901 573 2975 redde,
588 2899 732 2981 benigne,
745 2898 852 2958 vicem.

109 3040 184 3092 Xlll.
197 3039 246 3090 ΑΙ)
264 3039 387 3091 LUPUM
403 3037 449 3090 ΕΤ
460 3035 685 3090 WALDONEM
701 3031 896 3087 DlACONOS.

63 3135 187 3220 Conna
200 3158 346 3239 parentali
358 3157 419 3242 jugi
432 3157 542 3240 pietate
556 3154 693 3230 colendi,

820 3242 858 3308 αθ
