2222 3852
154 267 217 343 204
420 285 454 338 v.
472 285 509 339 tr.
533 279 782 338 ronronarr

153 384 210 447 Est
218 384 276 448 tibi
285 404 421 448 sommus
429 387 545 462 honor,
558 388 611 449 sed
620 405 707 448 mens
718 382 870 467 praecessit
877 381 1046 462 honorem,ยน

196 475 338 541 Moribus
350 495 380 543 et
392 481 497 543 vestris
509 482 627 543 debitos
640 493 719 542 extet
731 499 816 560 apex.

152 571 284 634 Justitiae
296 574 395 637 nrltor
408 575 528 659 pietatis
539 595 644 636 amore
659 593 806 637 coruscas.

196 665 292 746 Quod
305 681 334 729 te
346 668 415 749 plus
428 669 552 745 habeat,
566 681 661 732 certat
673 681 834 747 utrumqne
846 665 982 727 bonnm.

154 757 288 844 Lingua,
302 762 409 837 decus,
424 763 533 839 virtus,
543 761 679 837 bonitas,
695 781 798 836 mens,
810 760 906 844 gratia
912 760 1049 843 pollens,

197 850 354 915 Ornarent
366 867 489 918 cunctos
503 856 618 940 singola
628 867 726 919 vestra
738 855 828 916 viros.

156 944 346 1010 Cunctorum
358 969 459 1010 causas
472 950 552 1010 intra
561 963 613 1011 tna
625 962 751 1032 pectora
762 949 885 1028 condis,

197 1039 261 1101 Pro
273 1041 381 1124 populi
395 1043 542 1124 requiete
555 1045 607 1126 pia
620 1063 692 1106 cura
704 1055 796 1103 tenet.

158 1132 314 1196 Omnibus
325 1155 384 1195 una
394 1135 472 1198 salus
485 1136 581 1220 qualis
593 1139 678 1198 datus
691 1135 799 1198 ordine
810 1155 915 1215 sacro,

198 1228 355 1311 Tempore
366 1231 506 1312 praesenti
518 1231 625 1314 gaudia
637 1231 737 1312 prisca
750 1229 854 1292 refers.

160 1321 320 1388 Catholico
334 1324 416 1386 cultu
425 1326 566 1387 decorata
579 1338 624 1386 est
634 1324 752 1406 optima
766 1324 891 1405 conjux,

200 1416 345 1480 Ecclesiae
357 1419 450 1480 crevit
463 1433 492 1480 te
507 1418 636 1482 faciente
650 1419 768 1478 domus.

160 1510 311 1596 Reginam
323 1513 441 1574 meritis
453 1511 694 1575 Bronechildem
711 1509 850 1574 Christus
861 1528 972 1573 amore

201 1605 290 1668 'l'unc
304 1606 362 1666 sibi
375 1607 543 1689 conjunxit,
557 1607 636 1668 hanc
648 1606 706 1667 tihi
718 1605 838 1684 quando
852 1605 950 1664 dedit.

159 1700 266 1763 Altera
277 1713 348 1763 vota
360 1701 434 1762 colis
447 1702 555 1762 melius
568 1701 639 1781 quia
650 1719 778 1760 monere
793 1694 927 1774 Christi,

203 1791 333 1857 Pectora
344 1794 445 1877 juncta
458 1795 559 1876 prins,
574 1794 643 1876 plus
656 1794 749 1854 modo
763 1793 828 1875 lege
843 1790 977 1874 placent.

164 1887 232 1949 Rex
243 1889 296 1968 pie
309 1889 419 1973 reginae
432 1900 514 1948 tanto
526 1890 564 1949 de
577 1887 693 1960 lumine
704 1887 815 1970 gaude,

204 1981 363 2061 Anquisita
373 1982 421 2042 bis
434 1995 478 2044 est
491 2003 557 2062 qnae
568 1982 626 2042 tibi
639 1993 733 2064 nupta
745 1978 849 2042 semel.

164 2073 307 2154 Pulchra,
316 2077 464 2153 modesta,
474 2078 600 2152 decens,
611 2075 718 2150 solers,
726 2074 794 2155 pia,
807 2085 903 2157 grata,
913 2072 1048 2156 benigna,

206 2168 351 2253 Ingenio,
365 2169 465 2247 voltu,
479 2169 638 2231 nobilitate
651 2182 770 2252 potens.

166 2261 228 2326 Sed
239 2265 375 2344 qrrarnvis
386 2276 502 2326 tantum
515 2263 673 2325 meruisset
685 2261 749 2324 sola
762 2263 927 2337 decorem,

206 2357 287 2420 Ante
300 2372 400 2420 tamen
412 2357 548 2434 homini,
562 2378 642 2420 nnnc
655 2357 754 2440 placet
765 2377 835 2419 ecce
846 2353 933 2416 Deo.

168 2449 277 2514 Secula
288 2451 376 2536 longa
388 2453 503 2515 micans
517 2473 585 2514 cara
596 2473 666 2514 cnm
679 2455 804 2535 conjuge
816 2452 925 2528 ducas,

210 2545 313 2626 Quam
327 2547 383 2608 tibi
397 2547 515 2608 divinus
529 2546 713 2610 consociavit
725 2565 823 2607 amor.

227 2688 287 2738 111.
304 2687 347 2739 IN
365 2686 544 2740 LAUDEM
569 2686 836 2743 CHARIBERTI
859 2685 1002 2740 REGIS.

171 2784 318 2868 Iri-cmm
330 2824 506 2888 magnarum
519 2808 665 2889 processit
676 2807 773 2890 gloria
786 2829 906 2888 rernm,

211 2897 253 2960 Et
264 2901 301 2961 de
313 2921 382 2983 rege
396 2902 450 2983 pio
460 2903 568 2982 sparsit
581 2902 692 2983 ubique
706 2903 805 2966 decus.

171 2994 277 3078 Quem
289 2995 447 3079 gravitate,
462 2996 582 3072 animo,
596 3017 703 3073 sensu,
718 2998 929 3060 moderamine
940 2998 1059 3086 legum,

213 3087 361 3151 Praedicat
371 3089 512 3154 occiduus
525 3089 572 3154 sol
584 3091 744 3173 oriensque
757 3093 867 3158 virum.
