2222 3844
222 276 273 363 V.
297 275 354 360 H.
386 274 784 363 FORTUerTl

388 527 461 600 DE
497 527 629 601 VITA

179 780 450 890 SANCTI
501 779 830 897 MARTINI

313 1133 444 1190 ursan
473 1135 711 1218 secuunus.

73 1305 226 1390 Perennae
242 1329 417 1410 jamdudum
430 1330 522 1392 laxavi
536 1332 660 1394 carbasa
672 1331 764 1412 pinu,

71 1422 150 1486 Dum
162 1425 288 1508 pelagus
301 1426 458 1507 componit
471 1426 548 1502 iter,
564 1427 636 1486 dum
650 1439 740 1486 nauta
751 1428 896 1508 resumit,

71 1517 108 1579 Et
117 1520 253 1582 restricta
263 1520 357 1582 semel
370 1519 463 1582 levius
476 1542 507 1582 se
521 1522 638 1584 sarcina
651 1522 742 1584 ducit.

71 1611 120 1675 llle
130 1634 253 1696 quoque
266 1616 327 1698 jam
338 1615 432 1696 primi
443 1614 526 1676 linita
540 1628 625 1698 parte
637 1615 734 1677 libelli

69 1707 112 1768 At
125 1731 247 1774 cursum
259 1709 332 1770 levis
342 1729 414 1770 aura
425 1723 531 1785 vocat,
544 1731 620 1790 paro
633 1710 725 1772 lintea
739 1711 846 1773 ventis.

70 1801 195 1884 Spiritus
206 1805 371 1866 altevolans
384 1804 478 1887 imple
492 1825 561 1866 mea
571 1805 636 1868 vela
646 1807 811 1882 secundus,

69 1895 115 1960 Ne
128 1901 280 1983 trepidam
293 1899 417 1962 classem
432 1900 582 1962 contraria
594 1897 689 1960 llabra
702 1898 861 1984 flagellent.

69 1990 235 2056 lllartinum
248 2015 315 2055 mea
326 2014 418 2076 prora
430 1994 536 2069 vebat,
550 2006 652 2056 sancta
664 1995 796 2076 emptica
808 2007 925 2072 nautae,

69 2085 170 2152 Dulcis
183 2110 279 2171 apex,
293 2109 361 2169 spes
374 2089 432 2148 lida
445 2088 536 2163 ratis,
550 2088 617 2149 lere
632 2090 750 2170 pondus
762 2090 909 2168 amantis,

69 2179 177 2246 blercis
191 2203 269 2244 onus
281 2203 369 2244 suave
381 2196 442 2260 est,
457 2183 523 2244 etsi
534 2183 692 2244 veheretur
703 2183 735 2243 in
746 2182 844 2258 ulnis,

70 2274 128 2356 Qui
140 2278 242 2362 tetigit
255 2278 454 2358 quodcunque
464 2298 577 2352 manu,
590 2276 639 2337 vel
652 2289 746 2338 tactus
754 2277 793 2338 ab
806 2276 860 2338 illo
875 2292 938 2358 est,

69 2370 206 2457 Adigitis
219 2371 286 2433 salit
297 2371 356 2433 alta
367 2372 462 2446 salus,
476 2369 543 2432 lluit
555 2390 673 2453 unguen
689 2369 726 2430 ab
741 2391 847 2453 ungue.

70 2464 204 2529 Fimbria
218 2467 382 2546 quinetiam
394 2467 475 2546 quod
489 2465 601 2533 nubilis
614 2463 709 2546 attigit
722 2485 855 2544 unquam

71 2555 180 2644 Sparsit
194 2562 397 2622 abundantem
409 2560 529 2620 modica
543 2560 580 2619 de
593 2571 672 2621 veste
683 2557 827 2636 salutem,

68 2650 167 2717 Fontis
182 2669 212 2718 et
223 2656 309 2738 hujus
320 2655 403 2734 aquis
417 2655 552 2715 restricta
565 2665 608 2714 est
622 2655 701 2714 unda
715 2655 850 2736 cruoris,

70 2745 252 2833 siccavitque
265 2770 319 2812 suo
331 2748 507 2810 relluamina
517 2746 594 2808 lluxa
605 2747 739 2826 lluento,

71 2840 193 2907 Snmens
204 2864 281 2927 aeger
294 2864 385 2926 opem
398 2863 454 2924 per
467 2842 545 2903 lurta
556 2841 688 2904 salubria
699 2844 742 2903 lili
755 2868 763 2906 z

69 2934 145 3000 Ilum
159 2940 257 3003 nescit
269 2939 423 3016 medicus,
437 2937 503 2998 linit
517 2937 691 3000 discrimina
703 2939 838 3004 morbus.

28 3067 57 3096 a,-
68 3030 186 3097 llrbiter
198 3034 366 3109 Ammius,
380 3033 426 3096 vir
438 3030 644 3113 praefectorius
657 3033 759 3111 idem,
849 3085 853 3092 .

70 3124 221 3208 Quartana
228 3131 360 3216 genitam
373 3129 501 3214 graviter
512 3127 663 3194 cruciante
677 3130 816 3205 camino,

781 3220 803 3296 l
