2230 3838
146 277 205 342 108
412 298 448 353 v.
466 300 501 353 ιι.
517 301 763 355 roarunsrr
799 295 805 304 '
877 353 889 376 ,,

138 388 209 452 Nec
221 399 362 470 poterant
375 390 476 453 subito
488 392 545 453 tibi
558 392 691 455 culmina
704 392 784 454 celsa
796 381 896 474 parari
904 407 918 471 ,‘

182 481 259 546 Haec
270 484 329 545 nisi
339 484 429 570 digna
441 499 525 547 tuom
539 487 757 568 promeruisset
770 508 856 568 opus.

137 575 308 640 Nobilitate
319 592 428 661 potens
440 581 603 663 praecellis,
618 601 698 664 papa
711 579 843 642 Leonti:

182 671 290 734 Clarus
303 674 342 735 ab
355 676 486 755 antiquis
498 676 523 736 si
535 688 732 737 numerentur
744 675 801 736 ari.

136 767 220 831 Nam
233 790 326 852 genos
338 784 369 831 et
380 771 503 852 proavi,
517 769 566 832 vel
579 770 723 850 quicquid
738 770 770 830 in
782 770 888 832 ordine
903 769 1017 836 dicam
1032 822 1047 856 ‚

179 860 241 924 Per
252 884 395 945 proceres
406 863 502 927 celsos
514 864 607 926 currit
621 865 706 947 origo
717 876 811 926 vetus.

135 953 293 1039 Tempora
306 957 481 1041 diffugiunt,
496 971 526 1020 et
538 971 594 1019 stat
606 971 708 1020 tamen
721 956 789 1019 aula
802 971 991 1039 parentum,

178 1049 249 1113 Nec
260 1052 372 1132 patitur
384 1052 520 1134 lapsum,
535 1066 565 1113 te
579 1063 755 1134 reparante,
770 1052 887 1114 domus.

134 1141 291 1208 Nobilitas
303 1145 409 1230 longos
420 1167 482 1207 non
496 1146 651 1209 inclinavit
663 1146 696 1206 in
707 1165 803 1210 annos
815 1171 822 1206 z

180 1237 241 1303 Cui
254 1241 349 1326 magis
362 1261 516 1304 ascensum
530 1239 633 1323 proles
645 1241 750 1321 opima
762 1240 853 1302 dedit.

133 1333 252 1418 Inclyta
271 1335 432 1420 progenies
446 1335 563 1397 ornarit
574 1335 641 1398 luce
655 1334 792 1417 priores,

178 1429 318 1492 Haeredis
330 1431 415 1492 radio
428 1431 566 1514 splendet
578 1431 663 1514 origo
677 1443 807 1512 patrum.

134 1522 186 1586 De
199 1524 300 1587 radice
313 1545 365 1586 sua
377 1525 483 1588 vestita
497 1538 541 1587 est
554 1524 631 1588 llore
642 1536 790 1600 vetustas,

176 1617 282 1698 Quam
294 1620 405 1680 merito
418 1633 522 1681 vestrae
534 1619 630 1681 laudi-s
641 1618 804 1681 obumbrat
815 1618 926 1680 bonor.

132 1711 285 1798 'Quamvis
296 1732 359 1774 non
373 1712 480 1793 aliquis
492 1713 597 1796 potior
609 1714 702 1774 modo
714 1713 810 1797 possit
821 1712 950 1793 haberi,

174 1806 225 1868 Tu
236 1807 293 1869 tibi
305 1808 451 1889 praecedis
462 1807 675 1892 amplificando
687 1820 797 1890 patres.

131 1902 254 1966 Emicat
267 1903 342 1964 altus
353 1923 428 1985 apex
439 1924 586 1989 generoso
598 1916 756 1966 stemmate
770 1901 903 1986 fulgens,

177 1996 273 2081 Cujus
285 2001 365 2080 apud
379 2020 462 2082 reges
474 2000 565 2063 unica
577 1998 679 2083 palma
691 2010 782 2080 patet.

130 2090 276 2157 Ecclesiae
288 2114 369 2156 nunc
381 2096 446 2175 jura
457 2095 550 2177 regis,
563 2093 732 2157 venerande
745 2092 904 2168 sacerdos,

172 2185 278 2250 Altera
288 2187 429 2249 nobilitas
442 2189 561 2249 additur
572 2187 643 2249 inde
656 2186 721 2248 tibi.

130 2279 318 2344 Pontificalis
330 2301 406 2364 apex
418 2282 554 2362 quamvis
566 2282 604 2344 sit
617 2281 713 2345 celsus
724 2280 756 2340 in
769 2282 862 2357 urbe,

172 2373 337 2456 Postquam
350 2377 389 2437 ad
402 2389 431 2438 te
443 2377 544 2453 venit,
556 2377 650 2439 crevit
661 2376 786 2456 adeptus
796 2374 905 2436 honor.

129 2467 211 2530 Aula
223 2467 285 2531 Dei
296 2483 326 2532 et
336 2483 439 2552 pastor
452 2471 566 2534 vicibus
579 2471 637 2532 sibi
651 2469 777 2553 praemia
787 2470 944 2550 reddunt,

172 2561 223 2624 llli
235 2576 268 2625 tu
280 2578 439 2640 ornatum,
454 2586 541 2648 spem
555 2565 638 2627 dedit
650 2565 702 2625 illa
715 2562 779 2624 tibi.

130 2657 261 2721 lllunere
275 2659 378 2722 divino
389 2660 503 2742 pariter
515 2658 630 2722 floretis
641 2658 759 2740 utrique
771 2682 779 2720 ε

171 2750 221 2814 Tu
234 2756 373 2816 mercede
386 2754 507 2836 places,
521 2753 574 2815 illa
586 2754 695 2817 decore
707 2752 793 2815 nitet.

132 2844 253 2910 Tertius
266 2866 283 2909 a
295 2848 414 2911 decimo
426 2849 496 2912 huic
504 2848 574 2910 urbi
587 2848 708 2910 antistes
720 2845 857 2923 haberis,

173 2937 235 3006 Sed
246 2942 363 3024 primus
375 2943 491 3005 meritis
503 2943 723 3004 enumerandus
736 2942 804 3003 eris.

128 3037 260 3121 Templa
271 3050 385 3102 vetusta
397 3037 461 3100 Dei
474 3038 620 3100 revocasti
633 3036 666 3097 in
679 3036 812 3099 culmine
824 3034 952 3118 prisco,

170 3131 301 3215 Postque
314 3153 402 3198 suum
415 3133 533 3217 lapsum
543 3151 626 3197 nunc
636 3129 766 3196 meliora
778 3129 909 3215 placent.
