2222 3852
151 355 212 421 238
400 367 434 420 v.
459 367 494 420 rs
520 369 768 423 nonrnnarr

151 461 258 523 Fultus
270 459 402 538 utrisque
414 458 522 534 honis,
533 459 606 522 hinc
617 461 725 536 armis,
738 459 851 543 legibus
862 459 974 535 illinc,
1093 452 1095 460 ’

193 555 297 633 Qum
310 551 388 614 benc
401 552 439 613 sit
449 551 553 613 firmus
565 554 613 615 eni
626 552 705 615 favet
717 573 809 614 omne
821 554 931 614 decos!

151 646 255 727 Quam
267 646 323 707 tibi
334 647 375 706 sis
388 646 491 706 firmus
502 667 572 708 cnm
584 648 783 728 prosperitate
794 666 947 728 superna,

195 737 322 802 Saxonis
331 751 362 800 et
374 737 457 799 Dani
470 760 542 822 gem
553 740 614 802 cito
626 740 704 802 ricta
716 739 833 822 probat.

152 831 275 894 Bordaa
287 852 345 914 qua
356 830 462 893 fluvius
476 832 599 893 sinuoso
609 834 723 916 gurgite
735 832 845 908 currit,

193 925 257 988 Hic
269 927 391 986 adversa
403 926 482 988 acies
494 939 524 987 te
536 927 612 989 duce
625 947 699 988 caesa
713 927 781 984 ruit.

153 1018 326 1079 Dimidium
340 1019 445 1078 vestris
456 1017 543 1098 jussis
554 1030 626 1078 tnnc
638 1016 739 1094 paruit
751 1034 874 1098 agmen,

198 1111 302 1191 Quam
316 1109 426 1170 merito
436 1109 531 1170 vincit
543 1109 595 1188 qui
605 1121 656 1169 tua
667 1111 745 1191 jussa
757 1109 837 1172 lacit.

153 1204 288 1266 Ferratae
300 1203 409 1264 tnnicae
422 1201 532 1264 sudasti
545 1202 682 1284 pondere
694 1203 808 1278 victor,

196 1296 240 1357 Et
252 1297 307 1358 snb
318 1294 552 1376 pulverea—nube
565 1316 705 1358 coruscus
717 1316 792 1357 eras.

156 1389 294 1470 Tamque
305 1390 357 1450 diu
370 1409 482 1472 pugnas
493 1389 558 1452 acie
571 1389 702 1472 fugiente
714 1401 866 1470 sequutus,

199 1481 341 1566 Laugona
352 1483 425 1543 duro
435 1482 538 1544 vitreis
549 1482 696 1544 terminus
708 1495 784 1543 esset
796 1482 891 1561 aquis.

160 1576 226 1657 Qui
239 1575 369 1658 sngiehat
380 1575 462 1636 iners
472 1575 569 1636 amnis
581 1575 664 1636 dedit
676 1575 728 1637 ille
740 1575 956 1657 sepulchrum,

202 1667 264 1730 Pro
277 1670 352 1731 duce
366 1668 447 1732 felici
459 1667 585 1730 flumina
597 1667 677 1730 bella
689 1681 805 1751 gerunt.

158 1761 244 1825 lnter
255 1763 393 1824 concives
404 1763 515 1824 meruit
528 1774 557 1822 te
571 1760 675 1822 Gallia
688 1761 808 1837 lumen,

201 1852 356 1935 Lampade
369 1856 420 1933 qni
433 1856 532 1916 cordis
544 1855 689 1936 splendor
701 1855 812 1934 ubique
826 1855 932 1916 micas.

161 1945 238 2008 Sunt
251 1967 326 2026 quos
337 1948 435 2008 forma
446 1959 570 2028 potens,
581 1960 649 2008 sunt
660 1967 735 2026 qnos
747 1948 896 2029 sapientia
907 1949 1047 2030 praefert,

204 2037 329 2123 Singula
342 2053 410 2102 sunt
422 2039 504 2117 aliis,
517 2041 570 2102 sed
582 2041 664 2102 bona
675 2040 762 2122 plura
775 2041 841 2102 tibi.

164 2130 339 2196 Occurrcns
352 2133 484 2194 dominis
496 2135 665 2196 veneranda
677 2133 787 2215 palatia
799 2133 957 2216 comples,

203 2225 245 2288 Et
257 2241 357 2289 tecum
369 2227 539 2311 ingrediens
550 2227 767 2309 multiplicatur
778 2228 889 2288 honor.

164 2320 211 2384 'l'e
224 2322 362 2384 veniente
376 2341 457 2383 novo
471 2323 579 2383 domus
591 2322 701 2384 emicat
712 2321 791 2382 alma
804 2340 930 2396 sereno,

208 2413 249 2475 Et
261 2427 400 2497 reparant
411 2415 532 2498 genium
546 2415 628 2499 regia
640 2427 718 2477 tecta
729 2435 826 2475 suum.

166 2507 291 2589 Nempe
305 2507 408 2570 oculos
421 2509 546 2590 recipit,
560 2529 630 2571 cum
643 2521 673 2570 te
685 2509 766 2571 videt
777 2506 846 2569 aula
857 2505 980 2582 redire,

210 2599 316 2681 Quem
329 2621 491 2663 commune
504 2603 613 2664 ducum
627 2601 741 2662 lumina
752 2601 855 2662 lumen
867 2599 993 2662 habent.

169 2690 324 2774 Principis
336 2693 495 2770 auxilium,
510 2695 614 2776 patria
626 2697 734 2770 decus,
748 2713 831 2756 arma
843 2705 1031 2775 parentum,

211 2783 391 2846 Consultum
405 2786 545 2867 reliquis,
561 2789 702 2850 omnibns
714 2809 790 2850 unns
803 2807 900 2848 amor.

170 2878 358 2941 Admiranda
371 2879 462 2940 etiam
474 2881 546 2960 quid
559 2882 596 2942 de
610 2881 767 2943 dulcedine
778 2880 896 2957 dicam,

212 2971 245 3034 N
247 2985 345 3036 ectare
356 2973 409 3053 qui
420 2973 528 3054 plenos
540 2975 687 3036 construis
699 2993 752 3036 ore
765 2973 858 3037 favos.

175 3063 253 3130 Cara
267 3078 436 3129 serenatum
449 3066 609 3129 comitatur
619 3069 711 3152 gratia
723 3067 857 3144 vultum,

214 3157 322 3239 Fulget
335 3171 364 3221 et
375 3160 499 3221 interius
510 3174 687 3242 perpetuata
698 3160 771 3224 dies.
