2222 3852
167 309 228 371 255
430 318 463 371 V.
478 317 514 370 Η.
530 319 779 371 rouruttart

206 413 289 474 Nam
301 413 378 475 solet
390 414 524 476 iuuentus
535 435 637 476 sermo
649 436 772 478 movere
786 436 901 479 manus.

165 510 237 570 viu
248 509 349 569 brevis
360 509 539 584 homiuum,
550 509 667 592 fugiunt
678 510 836 590 praesentia
849 533 972 589 rerum,

205 602 256 663 Tu
267 603 334 666 tole
346 625 412 681 quae
423 603 525 684 potius
535 625 598 664 nou
610 603 757 666 moritura
769 619 900 667 manent.

164 697 256 780 ffige
268 699 429 780 justitiam,
443 717 551 778 pacem
561 697 647 773 mle,
659 696 749 782 dilige
766 697 942 776 Christum,

205 791 321 873 Expeee
332 792 455 853 delicias
466 813 540 871 quas
550 793 616 853 sine
629 792 689 853 fine
701 813 793 875 geras.

163 883 249 947 Pelle
259 885 404 967 palatinas
416 899 485 966 post
497 885 591 946 multa
602 885 722 969 negotia
734 886 828 962 rixas,

204 978 317 1041 Vivere
330 981 458 1060 juermde
471 999 575 1041 mensa
586 981 716 1063 benigna
726 993 839 1040 monet.

164 1072 288 1148 Causae,
299 1076 368 1148 irae,
378 1075 520 1155 strepitus
530 1073 667 1156 repleant
679 1074 764 1148 fora,
776 1074 891 1157 jurgia,
903 1075 1000 1160 leges,

205 1167 268 1229 Hic
279 1168 396 1249 plaoeat
407 1169 526 1248 requies
539 1188 630 1247 quam
642 1169 692 1228 dat
704 1169 802 1230 amica
815 1170 888 1231 dies.

160 1260 208 1323 'l'e
219 1282 292 1344 rogo
305 1262 446 1344 pacificos
458 1263 577 1322 animos
588 1263 625 1322 ad
637 1262 764 1342 prandia
777 1262 877 1339 deser,

204 1355 334 1416 Hostem
348 1377 448 1435 quere
460 1355 552 1430 alibi,
563 1355 588 1415 si
600 1355 655 1416 tibi
669 1375 768 1438 pugna
779 1355 888 1436 placet.

160 1447 290 1510 Deliciis
303 1449 412 1509 mediis
421 1449 489 1510 lites
501 1450 612 1532 agitare
623 1468 758 1524 recuses,

201 1541 296 1602 Arma
309 1543 365 1603 tibi
376 1563 519 1624 campus,
531 1563 636 1604 mensa
645 1542 795 1603 ministret
806 1543 884 1604 olus.

159 1635 195 1698 si
209 1637 263 1696 tibi
275 1637 479 1720 magnanimes
490 1637 585 1720 rigida
597 1637 705 1696 virtute
719 1637 846 1713 videris,

201 1728 313 1792 secure
322 1731 362 1790 ad
374 1730 481 1792 catice
492 1730 582 1790 sortia
592 1729 673 1790 bella
685 1730 788 1791 refers.

160 1821 231 1886 Huc
239 1837 348 1885 uostrae
359 1824 411 1905 qui
424 1825 505 1884 venit
517 1845 592 1906 opes
605 1843 785 1906 cognoscere
798 1843 931 1900 mensae,

201 1913 404 1980 Commendet
417 1919 532 2000 positos
543 1917 637 2001 gratia
649 1917 714 1977 sola
726 1917 821 1979 cibos.

233 2071 329 2123 XXV.
349 2071 403 2124 ΔΙ)
425 2070 735 2125 GALACTORIUM
761 2069 966 2124 commum,

159 2181 288 2267 Suetus
301 2218 439 2287 optaram
452 2204 519 2266 fieri
531 2225 582 2265 me
594 2204 709 2288 remige
722 2217 860 2281 nautam,

201 2299 346 2363 Cursibus
357 2299 519 2383 undifragis
530 2312 564 2359 ut
576 2299 648 2360 ratis
660 2299 719 2360 iret
729 2299 820 2380 aquis.

157 2393 294 2456 Flatibus
303 2406 355 2454 aut
364 2393 476 2474 rapidis
487 2413 544 2474 per
560 2394 649 2454 dorsa
660 2391 819 2454 Garouuia
831 2392 939 2471 ferret,

197 2486 420 2572 Burdegaleuse
433 2499 538 2569 petens
548 2500 580 2548 ut
591 2487 671 2550 celer
684 2499 765 2550 actus
777 2487 843 2549 iter.

155 2580 293 2662 Velaque
305 2580 493 2666 fluctivagum
503 2581 656 2643 traherent
669 2582 809 2663 aquilone
822 2581 968 2658 secundo,

197 2674 253 2736 Me
264 2696 384 2757 quoque
395 2675 517 2737 littoreo
528 2675 666 2738 redderet
679 2695 751 2738 aura
762 2675 839 2737 sinu.

156 2765 229 2852 Qua
240 2769 308 2851 pius
320 2769 440 2832 antistes
450 2789 533 2832 sacra
546 2769 767 2854 Gundegiselus
779 2769 886 2846 offert,

198 2861 340 2927 Culmiue
351 2885 408 2944 pru
420 2863 526 2946 popuii
537 2885 596 2944 qua
607 2865 699 2928 micat
708 2884 760 2926 ara
770 2863 842 2927 Dei.

155 2955 204 3020 Tu
218 2979 336 3040 quoque
348 2957 400 3039 qui
413 2958 525 3021 resides
538 2958 654 3020 meritis
664 2978 767 3022 comes
779 2957 881 3040 ample
893 2956 1014 3034 serenis,

199 3050 278 3115 Care
292 3052 448 3116 Galactori
460 3051 563 3114 sedula
573 3073 644 3115 cura
655 3052 747 3114 mihi:

156 3141 216 3206 Cui
227 3147 283 3209 rite
296 3145 441 3212 excellens
452 3165 503 3210 rex
515 3145 740 3210 Guntheramus
752 3147 903 3222 honores,
