2222 3844
179 309 221 376 86
427 325 460 378 V.
487 325 523 378 ll.
547 324 810 380 rouruunrt
863 339 866 344 ·

179 417 384 494 sumunda,
399 429 550 478 armatura
563 418 662 494 cadit,
676 418 777 503 fragor
789 420 917 500 aequoris
928 437 1029 508 urget,

177 513 277 577 Prora
288 512 386 587 bibit,
399 513 474 574 dum
486 525 576 574 nauta
589 512 703 589 vomit,
716 514 874 595 peritam,
888 518 966 597 jacet
978 540 1059 593 usus,

179 607 258 693 Spes
269 607 360 691 sugit,
372 607 421 668 ira
431 606 561 688 premit,
570 606 685 690 rapitur
694 607 754 682 lux,
764 628 906 690 morsque
919 613 1059 690 minatur,

180 703 309 768 Casibus
321 702 354 762 in
367 701 466 763 dubiis
476 701 553 763 ¹certi
566 715 705 784 vergente
719 701 822 764 salute.

177 799 265 862 Dum
276 797 430 880 trepidant
441 815 566 871 omues,
581 791 748 881 AEgyptius
761 797 825 860 -haec
838 798 880 858 ait
892 820 989 878 unns,

113 925 115 930 ·
178 892 245 975 Qui
256 894 387 956 necdum
402 888 517 952 Christi
529 890 707 952 charismata
718 905 850 953 senserat
861 913 982 972 exsors,

176 987 306 1051 Martini
320 985 406 1047 Deus
417 984 501 1065 eripe
515 1004 588 1044 uos:
603 1004 673 1045 mor
686 985 751 1046 dira
763 985 899 1067 procella

180 1081 326 1158 Corruit,
339 1093 369 1142 et
381 1079 480 1163 pelagi
492 1092 594 1140 tumor
607 1078 683 1141 altus
695 1080 733 1140 ad
747 1079 810 1141 ima
822 1082 944 1144 resedit.

178 1177 331 1241 Sternitur
342 1176 422 1236 unda
435 1173 509 1249 rati,
524 1173 632 1253 liquidi
644 1173 725 1235 stetit
737 1193 807 1236 area
820 1177 941 1256 campi,

176 1274 278 1355 Atque
292 1272 419 1338 immota
433 1267 493 1331 loci
504 1269 659 1350 jacuerunt
671 1288 828 1329 murmura
841 1270 953 1351 ponti,

177 1367 315 1452 Gurgitis
326 1363 421 1447 optati
434 1362 518 1424 trabe
531 1362 661 1425 curritur
671 1381 775 1440 aequor
789 1363 941 1441 amicum,

175 1461 303 1524 Littoris
316 1481 370 1522 ora
382 1460 483 1543 legunt
495 1455 598 1518 flabris
608 1457 678 1518 data
690 1455 756 1518 vela
768 1458 926 1535 secundis,

175 1557 277 1638 Atque
291 1569 397 1639 petens
409 1565 551 1636 portum,
565 1551 657 1627 vada,
671 1549 807 1632 complet
817 1565 905 1614 nauta
917 1554 1057 1616 celeuma.

177 1649 231 1714 Sic
241 1650 319 1712 bene
332 1668 390 1732 pro
402 1647 519 1707 meritis
530 1645 643 1707 famulo
658 1647 708 1706 dat
721 1644 859 1710 Christus
871 1648 1021 1726 honores,

177 1741 274 1827 Cujus
287 1755 376 1806 eunte
389 1741 448 1802 tide
460 1753 572 1816 terras,
584 1761 689 1817 mare,
703 1741 801 1802 sidera
815 1742 946 1823 supplet.

175 1837 312 1922 Pangere
320 1849 406 1924 gesta
417 1835 492 1896 libet
504 1833 623 1916 reliquo
637 1836 807 1897 veneranda
820 1835 933 1914 relatu,

174 1933 298 1995 ludoles
311 1952 329 1994 a
342 1927 476 2014 patribus
487 1949 631 2013 generosa
643 1929 808 2014 Lycontius
822 1930 897 1991 olim

176 2025 286 2090 Clarus
297 2026 431 2102 bonore,
445 2026 505 2087 fide
519 2023 672 2106 locuples,
685 2024 725 2088 ab
737 2024 854 2108 origiue
867 2045 1002 2092 currens.

176 2119 317 2202 Cumque
331 2122 457 2183 domum
472 2119 631 2202 propriam
641 2117 705 2180 lues
717 2118 841 2180 exitialis
855 2121 984 2200 adisset,

175 2212 352 2298 Cunctaque
366 2213 504 2277 tabifluus
515 2225 700 2295 penetrasset
711 2214 850 2276 acumine
862 2217 1009 2293 morbus,

174 2311 249 2392 Quo
262 2309 482 2374 miserabilium
494 2307 679 2369 famulorum
691 2309 754 2371 sive
767 2308 913 2371 clientum

173 2404 248 2468 [lna
260 2420 369 2492 strages
376 2417 463 2482 erat,
478 2404 572 2466 divisa
582 2423 638 2487 per
650 2403 753 2466 ulcera
764 2403 924 2488 languens,

171 2499 286 2564 Dicere
300 2521 360 2581 quo
374 2518 478 2582 posses
489 2510 640 2582 prostrata
652 2498 797 2560 cadavera
806 2497 892 2561 telis:

172 2592 239 2655 Rex
252 2606 383 2655 extrema
396 2593 509 2655 etenim
521 2592 567 2654 nil
580 2591 746 2654 nobilitatis
759 2593 906 2670 honorat,

170 2686 310 2749 Praesidii
322 2707 391 2769 spes
404 2687 468 2748 sola
480 2701 583 2749 manet
594 2685 747 2750 Martinus
760 2687 793 2748 in
806 2687 891 2750 orbe.

170 2780 306 2844 Mittitur
317 2782 354 2842 ad
367 2794 503 2845 sanctum
516 2794 694 2845 veneranter
704 2781 834 2864 epistola
846 2801 953 2858 cursu,

168 2875 326 2939 Auxilium
334 2875 485 2959 rogitans,
499 2877 559 2940 boc
571 2879 680 2954 corde,
695 2875 755 2941 hoc
767 2874 879 2960 flagitat
892 2895 966 2937 ore:

159 2970 216 3035 1Ni
229 2970 289 3034 cito
303 2969 479 3047 subveniat,
491 2971 571 3055 rapit
585 2971 688 3032 omnia
700 2970 794 3054 pestis
804 2970 931 3044 acerba,

167 3064 232 3128 Per
243 3064 373 3147 spatium
383 3064 480 3128 ¹ferale
492 3065 612 3128 trahens
623 3066 655 3127 in
666 3078 777 3127 tartara
789 3076 928 3141 cunctos,

167 3157 210 3223 Et
220 3171 349 3248 grassata
361 3160 414 3224 diu
426 3159 500 3244 quid
511 3172 599 3246 agant
612 3159 748 3245 contagia
761 3159 904 3242 perdunt.
