2222 3852
145 272 206 336 218
400 291 434 345 V.
463 293 495 344 H.
522 291 771 347 contundet

186 385 272 466 Quid
283 384 433 465 sequeris,
448 384 587 469 lacrymis
600 397 722 468 augurat
733 385 809 448 alter
821 403 920 450 amor.

142 484 200 548 llla
211 497 313 544 tamen
327 480 424 564 pergit
435 499 493 560 qua
505 479 575 540 trita
586 478 667 542 viam
681 481 780 542 orbita
792 481 904 559 sulcat,

184 577 323 659 Quisque
334 576 395 636 suis
408 567 516 637 vacuos
528 572 647 635 lletibus
660 574 768 658 implet
781 595 876 660 agros.

141 674 217 735 lude
234 669 392 756 Pyrenaeas
405 689 461 750 per
473 668 568 729 nubes
579 669 708 730 transilit
721 668 832 752 Alpes,

184 766 315 847 Quaque
328 762 480 845 pruinosis
492 760 594 823 Julius
607 762 685 846 alget
697 763 791 843 aquis.

143 861 216 944 Qua
228 859 298 920 nive
311 858 471 920 candentes
482 855 598 940 lugiunt
609 858 647 918 ad
660 859 768 942 sydera
779 871 913 936 montes,

182 956 282 1035 Atque
295 972 386 1036 super
399 951 516 1033 pluvias
528 950 587 1012 exit
599 964 701 1012 acutus
711 972 796 1033 apex.

140 1051 262 1132 Excipit
273 1047 345 1108 hinc
361 1043 487 1121 Narbo,
501 1065 560 1124 qua
572 1044 675 1105 littora
688 1045 778 1129 plana
791 1048 973 1110 remordens

182 1144 270 1206 Mitis
284 1141 359 1203 Atax
370 1137 513 1200 Rhodani
527 1138 662 1200 molliter
674 1140 765 1200 intrat
773 1159 874 1220 aquas.

141 1241 215 1303 Post
227 1237 341 1318 aliquas
351 1233 442 1294 urbes
454 1229 588 1295 Pictavas
601 1233 696 1317 attigit
708 1253 807 1310 arces,

182 1331 290 1417 Regali
302 1347 417 1411 pompa
430 1328 638 1408 praetereundo
652 1327 743 1389 viam.

139 1427 272 1513 lnclytus
284 1423 335 1484 ille
347 1421 455 1502 quibus
466 1441 537 1482 vere
547 1420 666 1502 amplus
679 1419 816 1483 Hilarius
827 1421 888 1484 oris

181 1521 223 1582 Et
234 1532 312 1582 satus
324 1529 354 1578 et
366 1515 437 1577 situs
450 1534 485 1577 ac
499 1534 552 1576 ore
564 1528 687 1576 tonante
699 1515 817 1597 loquax.

139 1616 250 1691 Thrax,
258 1611 366 1686 Italus,
375 1606 497 1694 Scytha,
508 1606 729 1687 Persa,1ndus,
738 1609 1028 1690 Geta,Daca,Bn‘-

304 1719 430 1779 tannus,

179 1799 278 1882 Hujus
289 1799 321 1859 in
333 1797 454 1876 eloquio
467 1818 554 1879 spem
567 1797 660 1874 bibit,
675 1816 760 1859 arma
772 1800 862 1881 capit.

138 1895 194 1958 sol
207 1893 308 1969 radio,
320 1891 370 1954 hic
383 1892 476 1953 verbo
488 1891 639 1974 generalia
651 1891 766 1954 lumina
777 1894 871 1972 sudit,

178 1987 337 2051 Montibus
350 1985 401 2047 ille
415 1985 515 2061 diem,
530 1985 682 2046 mentibus
694 1987 748 2047 iste
762 1987 863 2048 fidem.

136 2083 228 2146 Hanc
242 2102 296 2165 ego
307 2099 418 2161 nempe
430 2079 538 2140 urbem
549 2079 690 2161 conspexi
703 2093 956 2161 praetereuntem,

176 2176 315 2239 Molliter
328 2173 442 2258 argenti
453 2187 537 2234 turre
549 2186 666 2234 rotante
678 2172 758 2236 vehi.

133 2272 277 2338 Materno
290 2267 386 2331 voluit
397 2267 449 2350 pia
462 2288 553 2347 quarn
562 2265 754 2350 Radegundis
766 2286 871 2329 amore

177 2361 492 2435 Cernerelerrentem
504 2361 530 2423 si
544 2363 628 2422 daret
639 2361 718 2422 ullus
731 2382 833 2443 opem.

134 2459 222 2541 Saepe
232 2471 334 2519 tamen
347 2456 445 2518 missis
455 2455 558 2539 legatis
571 2455 666 2518 dulcis
680 2454 817 2531 adhaesit,

174 2551 216 2613 Et
229 2551 346 2633 placide
359 2549 452 2612 coluit
464 2550 649 2630 quodmodo
661 2549 745 2610 triste
757 2549 848 2610 dolet.

130 2644 299 2708 Turonicas
309 2658 403 2705 terras
417 2642 544 2705 Martini
555 2645 592 2704 ad
604 2645 711 2730 sydera
723 2644 788 2705 uoti

172 2739 248 2800 Inde
259 2739 350 2822 petit,
364 2737 446 2800 lento
460 2740 653 2802 continuante
665 2740 767 2822 gradu.

129 2834 278 2919 Vigennae
292 2832 415 2895 volucer
427 2833 637 2895 transmittitur
648 2833 749 2894 alveus
761 2831 851 2909 alno,

172 2929 277 2990 'l'urba
289 2948 392 2990 comes
401 2928 514 3010 rapidis
525 2927 631 2990 alacris
642 2927 701 2990 exit
712 2926 805 3007 aquis.

126 3022 248 3105 Excipit
259 3023 329 3084 inde
342 3042 451 3105 repens
464 3022 558 3084 vitrea
571 3021 662 3106 Liger
673 3022 788 3107 algidus
800 3021 897 3101 unda,

162 3115 237 3200 Quo
251 3138 349 3202 neque
362 3116 408 3178 vel
422 3116 538 3198 piscem
549 3118 623 3181 levis
636 3137 728 3180 arena
739 3116 823 3201 tegit.
