2218 3862
158 326 220 390 338
248 337 281 388 v.
298 335 334 388 n.
352 335 558 390 nonnunnrr
575 335 781 392 POEMATUM
797 341 902 397 unnn
919 345 954 399 x.

195 435 324 497 Assidue
334 436 454 516 rapidas
466 457 558 518 prora
570 437 694 499 bibebat
705 458 807 520 aquas.

157 527 300 610 Equum
311 528 485 591 lambebant
494 530 619 594 inimica
630 552 707 612 paee
721 534 875 611 carinam,

197 625 328 686 Tristius
338 622 478 705 amplexu
489 645 546 685 nos
557 625 696 688 nocitura
707 645 770 688 suo.

159 718 222 782 Serl
234 737 321 779 mora
331 716 413 777 nulla
421 729 501 778 vetat
511 717 607 778 varias
620 738 791 780 memorare
805 719 960 800 querelas,
1029 751 1032 758 ’

197 809 273 872 Post
283 809 439 871 referenda
449 810 539 870 simul
550 832 707 872 murmura
720 813 811 875 corde
822 827 902 897 tego.

158 904 231 967 Hoc
243 903 318 966 mibi
328 903 480 984 praecipue
496 904 597 964 divina
609 905 743 985 potentia
755 920 895 986 praestet,

200 997 314 1062 Uteito
326 996 429 1060 felices
441 1016 494 1076 vos¹
507 998 643 1060 revidere
655 1019 773 1078 queam.

398 1155 532 1208 XXVII.
554 1155 611 1206 DE
634 1154 797 1209 GLAC'IE.

159 1259 287 1343 Ptsstnt
297 1277 399 1339 stricta
412 1277 486 1359 riget
497 1276 759 1359 glacieseoncreta
770 1277 904 1358 pruinis,
942 1315 948 1331 ‚

200 1371 270 1434 Nec
281 1371 359 1432 levat
370 1368 493 1440 afflictas
506 1368 611 1432 flexilis
623 1371 717 1432 herba
728 1371 857 1433 comas!

157 1465 255 1529 Terra
267 1468 343 1548 jacet
356 1477 482 1527 crustata
492 1464 560 1548 gelu
570 1465 625 1526 snb
638 1465 750 1527 cortice
760 1465 854 1540 duro,
942 1501 944 1508 ·

200 1559 307 1620 Mollis
320 1572 350 1620 et
360 1559 500 1618 arboreas
511 1559 562 1618 nix
570 1559 643 1642 tegit
655 1559 714 1620 alta
726 1578 837 1620 comas.

139 1661 143 1666 “
158 1651 282 1714 Prollna
296 1665 456 1716 crustatum
467 1665 632 1714 struxerunt
645 1651 769 1712 llnnrina
782 1671 926 1730 murum,

199 1745 241 1808 Et
252 1748 371 1807 densata
380 1767 500 1828 gravem
513 1747 610 1809 vestiit
621 1747 701 1806 unda
711 1757 820 1808 eutem.

157 1836 245 1901 lllule
259 1857 311 1902 sua
323 1838 484 1899 fraenentur
497 1860 597 1918 aquae,
611 1859 643 1900 se
656 1838 779 1922 lympha
788 1837 910 1921 ligavit,

200 1931 302 1996 Obice
314 1933 368 1994 sub
381 1933 508 2015 proprio
521 1933 569 1994 vix
579 1933 637 1994 sibi
650 1931 764 2013 praebet
775 1931 842 1991 iter.

159 2025 304 2109 Asperius
314 2027 424 2089 tumuit
435 2026 542 2110 glacies
555 2026 695 2105 aquilone
708 2025 872 2101 fremente,

201 2117 262 2182 Cui
273 2122 354 2182 dabit
364 2121 418 2185 illa
430 2121 510 2182 viam
522 2142 587 2199 qnae
597 2120 655 2181 sibi
668 2132 778 2203 pugnat
792 2120 889 2198 aqua?

157 2211 351 2286 Fluminibus
363 2215 470 2276 mediis
483 2226 551 2274 nata
563 2225 607 2274 est
620 2212 789 2297 crystallina
802 2213 885 2294 ripa,

198 2305 268 2374 Nec
280 2308 415 2396 capimus
427 2309 547 2384 subter,
559 2328 616 2370 ner
628 2327 717 2389 super
727 2307 787 2368 itur
797 2307 864 2372 iter.
