2218 3862
273 285 511 340 euenerunt
528 287 653 343 tinen
675 283 761 344 vnn
897 274 958 366 2193

112 385 164 448 De
178 386 339 466 medioque
352 386 416 448 luto
428 388 507 450 ducit
521 389 557 448 ad
571 401 648 450 astra
661 390 735 471 poli.
750 391 753 398 ’

70 478 183 542 Messio
194 493 291 542 vestra
302 479 372 541 Deo
384 481 497 563 placuit
508 503 598 562 qnam
611 484 643 544 in
654 485 762 546 borrea
776 484 894 561 condit,

116 572 197 635 Cum
212 574 302 654 spicis
313 575 425 636 teneris
437 575 535 636 dulcia
547 597 637 660 grana
649 578 744 639 metit.

72 667 148 729 Non
162 667 263 749 paleas
273 688 414 751 generas,
425 668 574 732 frumenta
586 673 639 732 sed
652 671 764 754 integra
777 671 886 757 gignis,
941 683 943 690 '

115 760 185 823 Nee
195 762 348 842 perdenda
361 761 455 838 focis,
469 764 522 824 sed
534 765 698 826 recreanda
709 765 799 845 polis.

74 852 248 918 Praesertim
261 852 312 934 qui
323 853 367 916 sie
379 869 481 918 sancto
493 857 672 939 baptismate
685 858 771 938 puri,

115 946 200 1010 Hine
209 967 348 1010 mernere
362 951 445 1031 rapi,
460 950 543 1011 sonte
557 950 672 1014 lavante
686 952 767 1013 nori.

76 1040 195 1104 Stantes
206 1055 275 1102 ante
287 1041 390 1103 Deum
402 1043 481 1104 velut
494 1040 583 1105 aurea
595 1065 662 1106 vasa
673 1046 808 1119 decoris,

117 1135 177 1196 Aut
191 1134 273 1215 qnasi
287 1135 472 1198 candelabris
484 1137 610 1219 pulchra
623 1137 744 1200 lucerna
757 1140 866 1204 nitens.

73 1227 278 1292 Immaculata
292 1229 399 1289 animae
410 1231 559 1291 radiantes
571 1252 692 1311 semper
704 1230 838 1309 honore,

116 1320 268 1383 Vivorum
279 1321 409 1384 retinent
419 1324 452 1384 in
465 1323 588 1407 regione
601 1324 712 1386 loeurn.

75 1413 173 1497 Inque
187 1417 279 1478 domo
291 1417 407 1478 domini
422 1417 545 1499 plantati
560 1418 673 1479 lumine
686 1431 827 1494 vernant,

121 1508 259 1573 Candida
271 1532 325 1574 eeu
338 1512 439 1573 rubeis
452 1511 516 1572 lilia
528 1513 618 1572 mixta
631 1513 716 1576 rosis

77 1605 208 1670 Jusserit
220 1617 250 1666 et
259 1606 402 1666 dominus
415 1627 483 1668 enm
497 1607 635 1667 membra
648 1606 746 1668 redire
757 1605 892 1688 sepulta,

118 1697 253 1760 Venibit
265 1700 380 1784 genitos
390 1713 461 1762 tunc
474 1699 549 1761 stola
564 1699 689 1780 pulebra
701 1712 778 1760 tuos.

78 1795 142 1855 Ant
153 1795 280 1856 candens
293 1793 394 1876 palma
407 1794 498 1855 rutilo
512 1806 647 1856 contexta
659 1793 714 1855 sub
727 1813 819 1870 auro,

121 1885 163 1948 Et
174 1887 263 1954 variis
274 1887 402 1970 gemmis
414 1888 498 1949 frons
511 1888 647 1949 diadema
659 1887 744 1972 gerit.

79 1980 210 2042 Utentes
220 1981 338 2042 niveam
351 2002 407 2062 per
420 1982 545 2043 eandida
555 1994 678 2062 peetora
688 1980 819 2063 pallam,

122 2073 370 2155 Purpureamqne
380 2086 480 2157 togam
493 2073 604 2158 fulgida
616 2095 693 2135 zona
706 2075 786 2158 ligat.

80 2167 169 2231 Tune
180 2181 265 2250 pater
279 2182 308 2230 et
319 2169 453 2252 genetrix
464 2169 572 2229 mediis
583 2168 747 2251 gaudebitis
760 2165 836 2242 illis,

123 2261 205 2326 Cum
218 2263 296 2324 inter
308 2263 449 2346 sydereos
463 2262 584 2324 cernitis
597 2282 661 2322 esse
673 2261 764 2323 viros.

79 2355 136 2418 Est
148 2370 248 2416 tarnen
260 2356 453 2436 omnipotens
467 2355 595 2417 Abrahae
609 2355 660 2434 qui
671 2372 775 2417 semen
788 2350 920 2434 adauxit,

122 2448 222 2510 Vobis
234 2462 321 2530 atque
336 2449 418 2509 dabit
430 2447 495 2509 Job
509 2449 591 2529 quod
603 2467 707 2508 amore
721 2445 812 2506 dedit.

81 2541 253 2606 Restitnens
266 2563 426 2604 numerum
439 2555 578 2604 natorum
592 2541 727 2624 germine
741 2540 846 2623 digno,

125 2635 365 2721 Progeniemque
380 2635 470 2696 refert
481 2635 658 2696 nobilitante
673 2634 740 2697 fide.

85 2729 151 2811 Qui
163 2730 273 2792 solium
284 2730 316 2791 in
329 2728 430 2789 David
445 2727 619 2790 Salomonis
631 2728 756 2791 eontulit
770 2741 888 2804 ortum,

126 2823 190 2885 Pro
203 2823 267 2887 rice
273 2822 414 2906 germani
427 2843 496 2883 cum
508 2823 587 2883 redit
600 2824 664 2903 ipse
677 2822 765 2902 patri.

85 2917 140 2979 lile
154 2918 208 2978 tibi
224 2917 336 2999 poterit
348 2916 385 2976 de
399 2918 524 3000 conjuge
540 2916 665 2976 reddere
679 2929 801 2992 natum,

127 3010 189 3072 Cui
203 3024 287 3092 pater
298 3009 424 3085 alludat,
438 3011 531 3071 ubere
545 3023 642 3075 mater
653 3009 720 3069 alat.

87 3105 152 3186 Qui
165 3105 282 3168 medius
294 3103 383 3168 nestri
396 3115 517 3186 reptans
531 3124 586 3188 per
598 3103 674 3168 eolla
686 3113 864 3185 parentum,

813 3194 864 3259 25.
