2222 3844
190 325 248 376 DE
270 315 370 376 'vl‘ta
392 322 421 376 S.
438 323 628 378 MARTINI
654 323 782 383 LIBER
804 328 859 384 tv.
929 337 969 401 79

76 419 286 504 ludignosque
298 418 368 480 lacit
380 419 531 500 despectio
545 418 644 481 flatilis
655 422 755 483 aurae?

77 513 187 594 Quem
201 527 290 595 pater
303 512 437 596 egregius
446 533 590 594 responso
604 515 712 576 allator
725 516 842 580 amico:

76 608 106 669 Η
111 632 158 672 aec
172 609 230 670 tibi
244 630 307 669 non
322 608 449 670 facimus
460 608 601 689 probrosi
613 621 693 673 sorte
705 623 819 678 reatus,

76 703 140 766 Sed
154 705 239 767 male
252 727 317 786 quae
331 703 467 765 incubuit
477 703 605 780 cervici,
620 703 757 766 [lavimus
768 706 893 771 umbrae.

76 798 156 861 blox
169 812 273 860 tamen
287 798 338 858 illa
351 798 426 881 sugit
436 796 577 858 subsellia
591 797 674 858 larva
685 798 822 877 satelles,

73 892 115 954 Et
129 894 253 956 cervice
266 894 372 954 sedens
384 893 485 954 invasa
497 892 604 954 sedilia
615 891 712 973 liquit.

73 987 236 1050 Libertate
245 1008 324 1049 nova
333 1000 455 1069 surgent
467 985 546 1048 eolla
559 986 710 1048 Avitiani:

76 1081 269 1143 Exoneratus
280 1081 363 1142 enim
374 1081 462 1162 judex
474 1093 630 1142 revocatur
641 1080 770 1156 honori,

75 1174 207 1253 Mitior,
222 1189 310 1255 atque
323 1175 379 1237 fuit
391 1174 486 1256 gravis
499 1173 700 1257 implacabilis
714 1175 799 1236 olim.

77 1269 198 1331 Mirum
212 1269 294 1330 aliud
305 1269 371 1330 vico
386 1268 466 1347 quod
478 1269 601 1352 contigit
613 1268 834 1348 Ambaciensc,

75 1362 166 1425 ldola
178 1364 287 1424 turrito
301 1363 418 1423 fueraut
430 1362 536 1424 educta
547 1362 687 1440 metallo,

75 1455 200 1519 Erimie
212 1457 287 1518 saxis
300 1455 397 1517 moles
410 1469 532 1518 onerata
544 1456 664 1538 politis,

77 1551 113 1613 ln
127 1551 262 1613 sublime
277 1550 419 1611 thronum
432 1552 600 1632 procedens
612 1553 675 1613 aede
687 1552 835 1633 superba,

77 1646 168 1708 l'alsa
180 1645 373 1727 superstitio,
389 1644 527 1728 deceptio
540 1665 610 1707 vera
621 1659 798 1727 precantum

76 1741 206 1804 Grande
219 1761 295 1822 opus
307 1740 343 1800 ad
359 1740 472 1802 lacinus
485 1739 597 1802 taciens
608 1740 684 1800 nihil
697 1761 759 1802 esse
774 1742 915 1806 colentes.

78 1835 174 1914 Quod
188 1857 259 1898 cum
273 1847 389 1897 sauctus
403 1855 495 1896 ovans
505 1836 674 1896 mandasset
686 1836 742 1898 rite
755 1839 901 1898 tuendum

80 1930 234 1993 Humanis
247 1930 371 2011 opibus,
385 1949 484 2009 neque
497 1930 556 1992 boc
568 1929 708 1991 avelleret
722 1929 818 2004 ullus,

77 2025 164 2088 Tune
177 2045 264 2086 sacer
273 2024 395 2085 antistes
403 2037 518 2085 assueta
531 2043 684 2105 perarma
698 2045 869 2101 recurrens,

77 2118 211 2204 Pervigil
225 2119 362 2180 insistens
375 2118 530 2180 nocturnis
541 2118 664 2180 excubat
677 2118 777 2194 horis,

76 2214 229 2294 Alloquiis
242 2213 359 2273 domini
371 2213 516 2274 taciturna
529 2212 649 2274 silentia
660 2233 814 2295 rumpens.

78 2306 139 2370 Sed
152 2329 223 2372 cum
237 2327 325 2368 mane
337 2327 441 2369 recens
453 2327 595 2368 auroram
607 2321 761 2390 spargeret
772 2308 859 2382 orbi,

77 2401 231 2466 Tenderet
241 2415 271 2465 et
284 2422 424 2466 croceum
438 2424 495 2484 per
505 2402 609 2464 nubila
624 2401 755 2462 Phoebus
767 2403 928 2478 amictum,

77 2499 156 2564 Ecce
170 2521 281 2582 repens
295 2501 391 2561 oritur
403 2499 535 2560 variante
547 2499 665 2582 fragore
677 2497 812 2580 procella

79 2590 211 2655 Stridula
222 2595 340 2655 sidereo
354 2593 494 2668 volitatu,
509 2605 538 2655 et
551 2594 645 2655 multa
659 2592 805 2671 tumultu,

75 2687 202 2750 Auxiliis
215 2688 412 2750 fremebunda
425 2687 482 2748 tuis
496 2685 630 2749 lllartine
643 2702 794 2772 satagens,

75 2778 116 2842 Et
127 2795 180 2843 tua
193 2791 287 2844 castra
299 2802 424 2843 movens
436 2796 551 2842 armata
566 2782 716 2845 ferocibus
731 2784 852 2845 austris:

77 2873 155 2955 Quae
168 2875 272 2935 sanum
286 2888 319 2937 ut
329 2876 426 2959 tetigit
438 2876 550 2957 rapidae
563 2878 716 2960 vertiginis
729 2878 808 2953 ictu,

77 2968 202 3052 lmpulit
213 2991 248 3033 ac
261 2970 406 3032 fabricam
417 2971 580 3031 furibundo
594 2971 725 3053 impacta
737 2985 853 3048 rotatu,

76 3062 160 3125 ldola
169 3065 365 3141 comminuit,
381 3064 554 3144 molemque
569 3065 600 3126 in
613 3066 737 3147 pulvere
750 3066 855 3144 solvit,

76 3157 204 3241 Altaque
218 3160 366 3245 turrigero
379 3159 551 3225 cecidemnt
562 3161 674 3224 moenia
686 3162 771 3225 fastu.
