2222 3852
136 323 196 365 202
401 311 433 363 V.
450 312 486 366 tt.
511 311 770 366 FORTUNATI

136 403 257 470 Oceani
269 401 325 464 sub
338 401 422 464 sonte
432 414 514 463 natat
526 421 590 463 non
601 401 664 463 ulla
677 399 794 484 Napaea

136 497 298 563 Pulchrior
314 497 379 578 ipsa
390 517 456 558 suas
470 497 599 560 subdunt
613 496 668 558 tibi
680 494 807 557 llumina
819 492 996 580 Nymphas.

135 591 246 656 Lactea
259 591 308 655 cui
319 591 411 654 iacies
424 592 542 654 incocta
556 591 668 652 rubore
680 604 825 654 coruscat.

135 687 218 748 Lilia
229 685 321 747 mixta
334 686 428 760 rosis,
440 706 548 747 aurum
561 685 587 746 si
600 685 774 748 intermicet
786 697 886 764 ostro,

135 780 300 845 Decertata
313 781 370 842 tuis
382 800 538 862 nunquam
552 802 583 843 se
596 781 727 845 vultibus
737 793 863 862 aequant.

138 873 308 959 Sapphims
317 875 398 952 alba,
411 877 545 952 adamas,
559 875 710 960 crystalla,
722 875 910 959 smaragdus,
921 873 1029 959 iaspis,

138 966 259 1033 Cedant
269 982 392 1046 cuncta,
406 989 519 1031 novam
530 969 633 1054 gennit
647 968 799 1052 Hispania
811 989 979 1053 gemmam.

136 1062 241 1150 Digna
252 1065 309 1126 luit
320 1064 454 1146 species,
469 1065 568 1147 potuit
581 1082 701 1146 quoque
714 1060 836 1127 flectere
848 1084 965 1147 regem.

138 1154 200 1220 Per
211 1159 336 1244 hyemes
346 1158 476 1234 validas,
491 1157 569 1220 nivis
582 1157 715 1240 Alpem,
731 1178 846 1240 perque
858 1155 1037 1242 Pyrenem,

138 1250 259 1333 Perque
272 1266 370 1316 truces
383 1252 515 1336 populos
528 1264 613 1315 vecta
625 1264 669 1314 est
681 1252 757 1314 tluce
773 1272 843 1336 rege
856 1272 981 1315 sereno.

137 1345 189 1410 Tu
200 1348 278 1432 regis
291 1348 393 1432 regina
407 1347 502 1408 thoris
515 1368 607 1428 super
619 1347 712 1408 ardua
724 1347 838 1408 montis

138 1439 272 1504 Planum
285 1442 384 1524 carpis
396 1442 453 1502 iter
465 1464 472 1501 ε
483 1440 560 1501 ulkil
572 1441 670 1503 obstat
682 1441 852 1502 amantibus
863 1460 1027 1522 unquam,

139 1534 230 1616 Quos
241 1536 323 1620 jungi
337 1536 439 1598 divina
449 1534 563 1597 volunt.
579 1532 660 1615 Quis
674 1535 812 1597 crederet
822 1548 926 1597 antem

139 1628 314 1712 Hispanam
327 1629 448 1690 tibimet
460 1629 637 1703 dominam,
651 1626 838 1706 Germania,
852 1629 958 1710 nasci,

140 1721 221 1803 Quae
233 1725 294 1784 duo
307 1742 399 1806 regna
409 1725 479 1806 jugo
492 1721 624 1805 pretiosa
638 1722 778 1784 annexuit
788 1725 872 1787 uno?

138 1815 217 1881 Non
230 1816 317 1877 labor
329 1817 478 1878 humanus
489 1815 589 1897 potnit
602 1828 664 1877 tam
677 1817 757 1879 mira
767 1838 896 1901 parare,

140 1909 226 1974 Nam
239 1931 288 1972 res
301 1909 433 1972 difficilis
445 1908 555 1971 divinis
568 1909 662 1972 utitur
676 1911 779 1973 armis.

141 2003 248 2089 Longa
260 2017 342 2067 retro
356 2005 449 2066 series
460 2003 523 2088 regi
534 2003 595 2066 boc
606 2003 655 2067 vix
667 2003 796 2068 contulit
807 2005 883 2084 ulli,

142 2098 274 2163 Difficili
286 2099 353 2162 nisu
366 2112 545 2182 superantur
557 2100 650 2160 ardna
664 2120 778 2162 rerum.

143 2193 299 2257 Nobilitas
312 2193 426 2257 excelsa
436 2193 528 2269 nitet,
539 2214 632 2276 genus
647 2193 853 2279 Atbauagildi,

144 2287 279 2374 Longius
292 2301 425 2351 extremo
438 2308 563 2371 regnum
578 2288 629 2367 qui
641 2289 772 2373 porrigit
784 2287 871 2364 orbi,

144 2384 242 2447 Dives
249 2404 344 2465 opum
351 2402 424 2463 quas
429 2384 559 2443 mundus
565 2382 667 2461 babet,
673 2383 883 2467 populumque
889 2382 1043 2469 gubernat

146 2477 322 2561 Hispanum
333 2476 388 2537 sub
400 2478 465 2559 jure
478 2496 532 2537 suo
543 2476 655 2559 pietate
669 2480 814 2541 canenda.

148 2570 214 2636 Cur
227 2583 327 2631 tamen
341 2569 450 2654 egregii
463 2570 607 2654 genitoris
620 2592 710 2656 regna
723 2592 898 2650 renarrem,

148 2663 281 2745 Quando
293 2663 351 2724 tuis
362 2663 479 2724 meritis
492 2663 581 2726 video
594 2666 722 2729 crevisse
734 2668 896 2750 parentes?

148 2759 307 2839 Quantum
320 2756 404 2840 virgo
418 2757 533 2820 micans
545 2761 647 2822 turbas
657 2781 799 2843 superare
810 2759 924 2826 rideris

147 2851 327 2929 Femineas,
342 2864 458 2914 tantum
470 2866 503 2914 tu
517 2850 674 2938 Sigeberte
686 2857 822 2919 maritos.

148 2945 195 3008 lte
208 2946 366 3030 disjuncti
379 2948 526 3010 membris
539 2960 570 3009 et
583 2951 674 3013 corde
686 2951 797 3035 jugati,

149 3040 253 3102 Annbo
266 3060 354 3124 pares
368 3041 476 3124 genio,
492 3043 609 3105 meritis
622 3055 653 3106 et
663 3046 800 3108 moribus
810 3045 920 3124 ambo,

151 3130 263 3197 Sexum
273 3133 398 3220 quisque
409 3155 496 3199 suum
507 3137 648 3220 pretiosis
658 3139 774 3206 actibus
786 3160 914 3222 ornans,
