2222 3844
160 345 200 409 52
417 361 451 416 V.
474 363 508 416 H.
535 364 787 420 FORTUNATI

160 467 300 531 Nosccns
314 466 412 530 clausa
424 467 507 544 Dei,
524 470 608 549 quasi
619 471 798 532 conciliator
811 469 920 547 amici,

161 561 243 624 Cum
257 583 310 623 sua
322 562 482 644 participat
494 583 565 624 caro
579 585 609 625 se
625 577 705 627 certa
716 565 830 627 clienti.

159 655 1062 740 VircuiChristusamor,Christushonor,omniaChristus,

160 751 263 835 Hujus
274 753 306 812 in
320 752 448 829 aflectu,
464 755 609 828 insertus,
626 754 787 830 solidatus,
799 753 933 831 adultus,

159 846 208 908 Ac
219 845 300 908 velut
311 847 402 908 arbor
415 847 495 930 agri,
511 867 595 909 secus
606 861 650 908 est
662 848 715 909 ubi
727 869 829 911 cursus
842 869 992 929 aquarum
1008 894 1019 929 ,

158 939 272 1017 Flore,
287 942 400 1017 comis,
414 942 510 1017 toliis,
525 955 555 1002 et
568 940 660 1005 lluctu
670 956 803 1025 praepete
815 944 967 1026 gaudeus,

161 1034 282 1097 Ornata
296 1049 414 1098 aeternae
427 1036 485 1096 lert
495 1057 588 1118 poma
600 1037 747 1119 perennia
757 1038 841 1114 vitae,

158 1129 247 1191 luter
259 1129 440 1212 apostolicas
450 1131 529 1192 acies
542 1151 701 1211 sacrosque
715 1132 899 1214 prophetas,

158 1224 364 1311 Martyriique
378 1226 486 1288 choros
499 1239 588 1306 atquc
601 1227 721 1311 agmina
734 1226 845 1310 fulgida
858 1225 948 1304 coeli,

160 1319 247 1404 Rege
261 1321 316 1382 sub
330 1321 442 1385 invicto
457 1341 515 1401 qna
529 1322 674 1383 exercitus
686 1320 738 1381 ille
751 1335 887 1383 coruscat

158 1413 224 1476 Per
234 1429 362 1490 turmas,
379 1436 540 1498 proceres,
555 1415 689 1498 legiones
699 1428 787 1495 atque
800 1415 961 1491 cohortes,

160 1507 266 1572 Milite
277 1531 330 1572 seu
338 1507 507 1587 comite,et
517 1509 657 1593 gradihus
668 1511 892 1587 duce,consule
904 1529 1062 1591 crescens,
1095 1503 1096 1512 ¹

162 1601 293 1667 Lacteus
306 1604 361 1666 iste
374 1618 462 1689 toga,
480 1603 587 1665 rutilus
599 1605 692 1668 micat
703 1606 755 1669 ille
768 1627 899 1671 corona:

162 1699 260 1764 Hunc
273 1715 411 1784 praetexta
422 1699 539 1778 nitens,
554 1699 640 1762 illurn
655 1702 794 1765 diadema
807 1705 958 1783 facetum,

162 1794 234 1859 Hos
246 1797 396 1884 chlamys,
407 1811 452 1860 ast
465 1797 536 1859 illos.
546 1798 665 1860 armilla
678 1813 784 1882 topaza
798 1800 938 1864 decorat:

161 1891 290 1955 Balteus
303 1891 375 1956 hinc
387 1894 500 1968 radiat,
510 1895 582 1956 hinc
594 1894 689 1956 insula
701 1895 784 1958 crine
798 1907 950 1973 coruscat,

162 1987 252 2050 Alter
264 1989 419 2071 palmatae,
439 1989 550 2051 trabeae
561 1989 638 2052 nitet
650 1990 726 2053 alter
737 1991 875 2069 honore,

164 2081 268 2168 Pingit
280 2099 310 2146 et
323 2097 462 2146 ornatum
474 2106 611 2169 gemma,
627 2107 750 2164 aurum,
765 2105 916 2171 purpura,
930 2086 1059 2171 hyssus,

163 2175 236 2242 Nec
246 2179 326 2241 videt
338 2180 399 2242 hoc
411 2180 532 2256 oculus,
544 2182 625 2261 quod
637 2180 728 2242 habet
738 2201 830 2264 super
838 2194 916 2243 astra
928 2195 1061 2244 senatus.

165 2271 228 2336 llis
242 2273 368 2352 frueris,
386 2274 536 2352 llIartinc,
550 2274 641 2336 bonis
653 2276 709 2336 sub
720 2275 861 2359 principe
873 2273 960 2352 coeli,

170 2364 308 2430 Coctihus
321 2369 462 2454 angelicis
473 2369 641 2447 sociabilis,
655 2383 686 2431 et
697 2369 892 2452 patriarchis,

168 2459 309 2546 Compar
321 2465 494 2547 apostolicis
505 2465 642 2542 meritis,
655 2467 798 2546 aequande
810 2464 988 2547 prophetis,

165 2557 279 2619 Addite
291 2559 473 2643 martyribus
484 2559 618 2621 rubricat
629 2559 738 2639 quibus
749 2562 829 2622 unda
842 2559 975 2637 cruoris,

165 2651 295 2736 Fulgide
307 2653 462 2716 confessor
475 2654 633 2716 candentia
644 2654 708 2715 lilia
721 2655 860 2730 vincens,

167 2745 301 2808 Lumine
312 2767 467 2829 purpureo
477 2747 635 2826 redimite,
649 2751 777 2826 decore,
793 2748 933 2827 corusce,

166 2838 309 2903 Liberius
321 2841 458 2925 gradiens
470 2862 528 2924 per
539 2843 617 2906 celsa
631 2843 743 2926 palatia
755 2843 854 2928 regis,

166 2933 227 2996 Vir
239 2936 417 3019 transcripte
431 2950 557 3018 potens,
569 2951 680 2999 aeterna
692 2938 724 2997 in
737 2937 838 3000 secula
849 2935 939 3012 civis,
958 3013 961 3018 Ι

170 3027 302 3116 Signifer
314 3051 399 3092 arma
411 3032 508 3095 crucis
518 3031 579 3095 lers
590 3033 749 3094 nobilitata
761 3032 943 3115 triumphis,

169 3125 295 3203 Dulcis,
308 3127 479 3204 adorande,
492 3127 608 3189 etmihi
620 3140 764 3208 pectore,
777 3147 851 3190 voce
865 3125 1013 3204 colende,

172 3219 267 3310 Cujus
277 3223 432 3307 prosaicus
444 3222 554 3286 cecinit
566 3221 652 3304 prius
662 3234 728 3285 acta
740 3219 878 3284 Severus
