2222 3844
167 347 222 400 DE
247 345 346 400 VITA
366 343 395 397 S·
419 343 609 397 MARTINI
632 345 759 399 LIBER
785 347 825 398 ll.
900 335 941 420 39

73 436 193 524 Tangens
205 437 345 500 membra
357 454 449 495 manu
461 434 570 496 solidat
583 436 705 521 vestigia
717 458 838 522 gressu,

69 531 269 614 Ercutiturque
281 532 346 592 lues
357 529 480 611 fugitivo
492 530 593 591 tabida
603 531 699 610 saltu,

67 626 100 688 Et
110 630 226 692 sudibus
238 629 355 690 laceros
370 624 458 685 rediit
472 626 547 688 cutis
557 646 617 687 una
629 648 686 708 per
697 641 798 708 artus,

68 720 209 784 Crastinus
220 720 368 786 incolumi
381 720 527 800 processit
540 742 671 804 corpore
685 737 844 807 comptus,

66 815 289 901 lngelicamque
303 820 395 880 fidem
408 817 490 878 testis
504 818 663 898 praesentia
674 819 753 881 fecit.

64 907 90 969 N
93 933 123 973 ec
136 913 270 994 perferre
284 915 369 995 pium
382 914 545 999 longinqua
559 911 675 996 flagella
689 915 831 994 decebat,

65 1002 184 1084 Quando
197 1006 342 1093 flagellari
353 1010 482 1092 graviter
493 1029 554 1069 non
568 1009 693 1090 pertulit
707 1010 813 1072 ullum.

64 1095 265 1164 Praetereunda
278 1105 354 1164 mihi
368 1126 465 1185 neque
479 1117 547 1165 sunt
557 1103 620 1165 haec
634 1104 764 1166 maxima
777 1127 899 1180 rerum;

64 1191 202 1260 Maximus
215 1199 367 1282 Augustus
381 1220 455 1260 nece
468 1199 545 1282 regis
559 1198 705 1260 maximus
719 1200 831 1278 armis,

63 1288 221 1372 lmperium
236 1294 377 1375 indeptus
388 1293 469 1357 civili
485 1294 569 1356 clade
583 1294 750 1374 superbus,

64 1379 137 1444 llum
148 1387 224 1470 regit
237 1387 373 1449 insolitas
386 1388 544 1449 frenorum
557 1386 693 1447 infrenus
706 1388 849 1450 habenas.

64 1472 237 1545 Pontificum
251 1483 299 1544 cui
310 1496 382 1545 tunc
393 1483 524 1545 adulatio
538 1481 604 1544 laxa
616 1482 735 1544 favebat

63 1565 226 1659 Principis,
241 1590 271 1639 et
286 1591 359 1640 nutu
371 1579 444 1642 cleri
457 1592 522 1638 tum
535 1576 663 1640 circulus
676 1577 748 1639 ibat.
792 1569 796 1576 ’

64 1663 186 1734 lllartino
201 1675 344 1737 veniente
358 1689 460 1735 tamen
475 1694 526 1733 rex
540 1673 604 1755 ipse
617 1685 774 1754 precatus,

63 1759 102 1822 Ut
111 1781 244 1831 sanctum
255 1770 294 1829 ad
306 1789 443 1830 mensam
454 1767 580 1842 habeat,
595 1767 646 1846 qui
658 1789 736 1850 saepe
750 1765 887 1850 repulsus

63 1853 186 1924 Tandem
200 1864 372 1946 promeruit
385 1862 450 1923 lieri
466 1862 592 1924 conviva
604 1861 705 1938 beati,

62 1949 186 2037 lnperio
197 1957 361 2041 plaudente
374 1956 465 2020 simul
475 1958 558 2019 sedet
572 1956 646 2018 urbe
659 1956 795 2037 favente,

66 2042 224 2114 Convivam
236 2052 304 2115 coeli
317 2053 397 2133 quod
411 2065 532 2114 terrena
545 2052 654 2135 excipit
666 2052 743 2114 aula.

66 2137 249 2210 Conveniunt
259 2167 419 2228 proceres,
433 2147 610 2228 praefectus,
624 2148 747 2226 consul,
762 2147 910 2225 honores,

67 2234 224 2318 Certatim,
239 2242 326 2304 acciti
340 2241 451 2326 regalia
462 2243 536 2303 sessa
550 2242 702 2319 colentes,

66 2327 197 2420 Principe
208 2337 377 2419 postposito
389 2337 528 2398 miraturi
540 2351 606 2400 acta
616 2337 732 2399 sacrati.

67 2425 175 2512 Augusti
186 2431 340 2513 obsequiis
353 2433 456 2494 fremit
470 2433 601 2512 undique
616 2431 751 2494 concitus
764 2429 864 2509 orbis,

67 2517 182 2589 Divitias
194 2529 312 2610 pariter
323 2530 494 2611 producens
507 2527 702 2606 delitiasque,

70 2613 354 2700 Quashahetlndus,
364 2624 482 2699 Arabs,
494 2621 591 2698 Geta,
601 2618 718 2697 llamx,
733 2617 839 2699 Persa,
852 2619 940 2698 Aser,

222 2717 368 2780 Hiberus.

71 2803 150 2886 Quod
161 2814 221 2876 fert
232 2813 393 2890 meridies,
408 2811 538 2888 Arctos,
553 2831 675 2875 occasus
685 2825 715 2874 et
728 2824 832 2887 ortus,

72 2898 287 2985 QuodBoreas,
297 2907 423 2989 Aquilo,
433 2905 519 2983 Libs,
532 2903 663 2981 Circius,
672 2907 782 2970 Auster
791 2919 821 2968 et
829 2903 941 2980 Eurus,

73 3004 942 3098 QuodGeon,etPhison,Tigris,Eulratesqueredundant,

72 3096 200 3187 Rhenus,
216 3108 519 3266 &213⁰de
539 3107 661 3189 Tibris,
678 3109 795 3190 Padus,
816 3107 941 3186 Hister,

369 3247 378 3284 l
