2218 3862
121 318 186 382 330
379 337 415 391 v.
440 338 475 390 u
501 335 746 392 rotonum

167 424 259 488 Solus
269 425 303 486 iu
315 427 433 490 absenti
444 431 544 492 cordis
553 451 659 491 amore
672 429 801 510 loquer?

24 525 37 580 “,
128 520 215 600 Qun
226 521 310 583 locus
322 523 467 598 excludit,
480 545 568 585 meus
578 525 663 584 euxia
674 545 750 586 voce
762 523 913 604 requiret,

169 614 211 675 Et
221 616 313 676 simul
324 630 357 677 ut
369 619 483 694 videet,
497 639 554 700 per
566 620 618 700 pia
631 631 701 678 vota
711 630 804 701 roget.

125 707 175 770 Te
187 723 259 791 peto
271 731 339 772 cara
349 731 453 786 soror,
466 725 564 772 mater
575 713 687 794 pietate
696 712 842 793 benigna,

171 803 267 882 Quod
279 805 379 864 miuus
391 806 546 890 imfflffi’
560 820 594 865 tu
606 805 752 874 famulare
763 805 850 866 reiis.

125 895 185 957 llta
198 898 307 958 decens
320 911 419 959 tecum
432 898 523 980 longo
535 899 612 958 mihi
625 899 705 960 viret
716 899 748 958 iu
761 918 849 974 aero,

169 989 211 1050 Et
223 991 317 1052 tribus
328 991 361 1050 iu
375 988 497 1053 Christo
510 992 549 1052 sit
559 1012 670 1072 precor
682 1012 741 1052 uua
751 991 840 1050 salus.

125 1081 197 1146 Nos
209 1105 307 1163 neque
319 1105 400 1146 nuuc
412 1105 561 1164 praeseus,
576 1106 634 1146 uec
646 1085 706 1145 rita
718 1085 818 1144 futura
830 1097 1026 1164 sequestret,

170 1175 233 1239 Sed
244 1190 322 1260 tegat
331 1198 393 1238 uua
404 1177 498 1253 salus,
512 1192 543 1238 et
556 1179 632 1238 ierat
644 1197 704 1238 uua
715 1177 791 1238 dies.

129 1269 195 1332 Hic
206 1285 325 1347 tamen,
339 1283 372 1331 ut
384 1272 493 1351 cupio,
508 1292 561 1333 vos
571 1285 712 1352 tempora
722 1271 813 1354 longa
823 1287 1002 1352 reservent,

46 1349 54 1372 ‘
173 1363 220 1426 Ut
231 1385 319 1426 soror
328 1377 359 1426 et
371 1377 467 1426 mater
479 1364 518 1426 sit
529 1365 607 1424 mihi
619 1377 701 1427 certa
712 1365 808 1445 quies.

397 1521 465 1573 vlt
488 1520 543 1572 An
564 1519 752 1572 EANDEM.

133 1619 296 1706 Accesstr
307 1644 384 1704 votis
396 1663 461 1704 sors
473 1641 688 1725 jocundissima
698 1641 828 1718 uostris,

172 1738 260 1799 Dum
272 1757 410 1797 meruere
422 1757 497 1796 meae
509 1757 628 1796 sumere
639 1737 720 1795 dona
729 1756 846 1816 preces.

131 1831 258 1894 Proficit
270 1830 418 1890 almorum
432 1829 572 1890 mihimet
584 1829 669 1890 cibus
680 1828 732 1890 ille
744 1849 908 1908 sororum,

175 1925 241 1986 Has
253 1925 340 1984 satias
353 1923 468 2004 epulis,
481 1944 532 1983 me
544 1924 656 2004 pietate
671 1922 762 1984 foves.

134 2017 206 2100 Qua
219 2019 369 2101 probitate
380 2017 495 2079 micans
508 2029 608 2097 partes
620 2015 780 2098 componis
793 2027 954 2098 utrasque,
999 2043 1004 2048 ·

175 2111 231 2174 Me
245 2132 360 2174 recreas
373 2112 491 2187 animo,
505 2111 558 2170 has
568 2112 727 2171 saturando
741 2109 820 2171 cibo.

134 2205 266 2271 Pascunt
276 2207 415 2268 membra
426 2207 534 2287 dapes,
547 2205 681 2266 animam
694 2204 816 2266 dilectio
829 2205 944 2281 nutrit,

178 2302 274 2382 Qoae,
289 2301 338 2363 cui
351 2301 419 2382 plus
431 2320 507 2380 opus
518 2320 567 2377 es,
582 2299 699 2360 dulcior
711 2319 778 2359 esca
791 2298 884 2358 renis.

132 2395 248 2458 'Audiat
261 2395 454 2476 omnipotens
465 2407 494 2454 et
507 2406 538 2454 te
549 2393 601 2474 pia
613 2405 682 2454 vota
694 2403 867 2473 petentem,

177 2488 225 2549 Ut
235 2489 290 2549 tibi
304 2501 465 2570 perpetuos
478 2486 581 2547 fundat
594 2487 626 2546 in
639 2507 692 2546 ore
706 2485 801 2547 cibos.

138 2579 247 2646 Secula
260 2582 348 2665 longa
360 2581 449 2642 simui
461 2602 530 2643 cum
544 2593 639 2640 matre
652 2579 810 2660 superstite
822 2597 953 2657 vernes,

178 2673 222 2738 Et
234 2689 332 2738 vestro
347 2675 432 2735 sreno
447 2686 503 2736 stet
513 2675 621 2736 chorus
634 2672 684 2734 ille
698 2671 780 2734 Deo.

138 2833 212 2888 vttt.
231 2833 281 2886 ΑΙ)
301 2830 468 2894 EANDEM,
486 2831 561 2883 PRO
574 2829 743 2882 EULOGHS
759 2828 1010 2886 Tntttsltnssts

141 2936 316 3020 Sororem
331 2953 441 3034 pietate
454 2949 540 3032 jubes
552 2970 732 3032 cognoscere
744 2971 882 3032 semper,

182 3048 322 3129 Qualiter
334 3047 383 3108 hic
397 3043 493 3126 epulis
504 3057 533 3103 te
546 3043 694 3103 tribuente
709 3043 803 3105 fover.

140 3141 218 3206 Haec
230 3159 348 3226 quoque
361 3139 461 3221 prima
470 3136 527 3198 soit
538 3135 692 3200 hodiemae
703 3139 792 3223 copia
804 3158 916 3216 coeue,
