2222 3852
243 368 246 372 ·
287 337 529 394 sonnerunt·
546 338 677 395 trouu
698 339 766 397 tut
909 353 968 422 πῃ

130 429 172 493 Et
184 431 221 494 sit
233 434 344 497 mercis
356 437 433 496 odor
443 433 521 497 llore
531 429 666 517 perenne
679 439 778 500 decus.

189 587 257 642 v11.
277 588 585 658 vertumnus,
604 593 658 645 nn
680 592 869 648 utuntur.

90 699 255 786 Fntoouts
267 725 396 809 hyberni
408 727 502 810 glacie
515 728 727 811 constringitur
740 731 823 794 orbis
830 775 842 809 ,

128 819 267 900 Totaque
280 820 329 881 lux
340 823 402 906 agri
414 822 488 884 llore
501 835 619 885 carente
634 824 723 904 perit.

88 913 244 998 Tempore
255 915 369 977 vernali
381 917 521 978 dominus
533 938 592 997 quo
606 913 716 978 tartara
726 918 815 997 vicit,

130 1009 232 1092 Surgit
244 1010 384 1091 perlectis
397 1010 493 1070 laetior
505 1011 600 1073 herba
613 1012 719 1074 comis.

88 1103 164 1165 lntle
176 1103 234 1163 viri
245 1117 345 1184 postes
358 1117 388 1165 et
401 1103 517 1186 pulpita
531 1103 656 1167 floribus
668 1117 794 1181 ornant,

131 1196 217 1258 Hinc
231 1197 340 1258 mulier
353 1217 439 1258 roseo
452 1197 585 1278 complet
598 1199 692 1259 odore
704 1199 815 1259 sinum.

88 1292 198 1354 Atros
211 1313 273 1353 non
287 1293 392 1368 vobis,
404 1293 456 1353 sed
472 1290 594 1354 Christo
609 1293 692 1354 sertis
706 1294 834 1370 odores,

133 1385 200 1447 llas
213 1406 331 1466 quoque
343 1387 493 1469 primitias
504 1389 541 1447 ed
554 1387 605 1468 pia
618 1387 735 1469 templa
749 1388 834 1448 datis.

90 1478 219 1543 Texistis
232 1480 320 1541 variis
330 1480 434 1540 altaria
445 1480 519 1542 festa
532 1480 671 1557 coronis,

132 1571 270 1656 Pingitur
280 1586 313 1634 ut
325 1574 387 1634 silis
397 1573 523 1636 lloribus
535 1595 587 1635 ara
599 1575 698 1636 novis.

89 1667 210 1729 Aureus
222 1669 298 1728 ordo
312 1669 426 1743 crocis,
440 1668 527 1729 violis
540 1669 612 1730 hinc
624 1668 752 1730 blatteus
765 1667 842 1745 exit,

134 1758 287 1824 Coccinus
298 1761 370 1823 hinc
383 1762 514 1838 rubicat,
528 1762 639 1824 lacteus
651 1762 721 1822 inde
734 1761 826 1823 nivet.

91 1855 158 1918 Stat
170 1855 292 1938 prasino
305 1868 440 1930 venetus,
454 1869 587 1939 puguant
600 1868 630 1916 et
643 1855 718 1917 flore
733 1855 868 1934 colores,

132 1948 229 2030 Inque
239 1949 308 2011 loco
321 1950 403 2032 pacis
416 1950 542 2010 herbido
553 1949 634 2010 belle
645 1962 742 2031 putes.

93 2043 171 2106 Heec
183 2044 313 2106 candore
327 2043 441 2126 placet,
457 2043 548 2104 rutilo
562 2043 654 2105 micat
667 2043 719 2103 illa
732 2044 861 2121 decore,

134 2136 261 2200 Suavius
273 2137 336 2199 haee
349 2138 482 2213 redolet,
498 2136 651 2218 pulchrius
664 2136 716 2197 illa
728 2137 825 2197 rubet.

93 2230 147 2294 Sic
160 2232 260 2313 specie
272 2231 353 2292 varia
366 2230 477 2292 llorum
489 2231 547 2292 sibi
560 2231 694 2314 germina
709 2241 842 2307 certant,

133 2323 182 2385 Ut
191 2324 276 2388 color
288 2325 337 2387 hic
349 2345 496 2408 gemmas,
508 2325 597 2385 thura
609 2325 741 2385 revincat
754 2325 842 2384 odor.

92 2418 162 2481 Vos
172 2439 291 2498 quoque
302 2440 367 2498 quae
378 2419 490 2479 struitis
502 2419 566 2481 hoec
578 2417 678 2500 Agnes
693 2437 764 2479 cum
777 2416 977 2500 lladegunde,

136 2511 280 2575 Floribus
292 2513 410 2574 oeternis
422 2524 519 2576 vester
530 2511 651 2573 anhelet
662 2512 749 2572 odor.

109 2666 200 2719 vltt.
223 2666 278 2718 nt)
301 2667 430 2720 IPSAM
454 2664 755 2718 Tttnttsttttssm
780 2664 959 2720 ttottttttt.

96 2781 134 2864 0
148 2802 250 2886 regina
263 2814 390 2884 potens,
403 2801 451 2866 cul
464 2820 571 2862 eurum
585 2814 614 2862 et
624 2819 759 2883 purpura
772 2799 832 2864 vile
846 2814 905 2877 est,

137 2895 281 2957 Floribus
291 2917 326 2958 ex
337 2896 436 2977 parvis
448 2907 478 2956 te
491 2907 649 2957 veneratur
659 2915 771 2955 amans.

92 2986 136 3050 Et
149 2990 174 3049 si
187 3010 250 3050 non
263 3010 309 3052 res
323 3003 367 3052 est
377 2990 479 3066 color,
496 3001 539 3051 est
551 3002 653 3050 tamen
666 2989 730 3072 ipse
742 2987 933 3070 perlubens,

137 3079 276 3166 Purpura
286 3105 342 3167 per
352 3084 462 3159 violes,
474 3103 565 3145 aurea
576 3083 674 3144 forme
685 3102 800 3145 crocus.

4 3191 6 3278 t
93 3175 191 3242 Dives
203 3197 307 3240 amore
320 3176 383 3240 Dei
394 3177 491 3241 vitasti
503 3177 628 3259 praemia
638 3175 759 3253 muudi,

812 3267 852 3343 nt
