2222 3852
267 309 519 365 POEMATUM
542 305 677 364 LIBER
703 309 753 362 lv.
900 299 959 383 193

66 403 186 488 Pagina
200 401 226 464 si
239 403 339 466 brevis
353 415 412 478 est,
426 423 489 462 non
503 414 546 463 est
559 401 658 462 brevis
670 403 760 463 ardor
772 404 916 482 amantis,

112 499 197 561 Nam
214 499 282 582 plus
296 499 389 561 corda
402 497 521 573 colunt,
536 516 625 576 quam
641 516 710 557 mea
723 497 814 558 verba
828 511 948 561 canunt.

67 649 635 716 xx1v.Antt>stttttErtsc01>UM,DE
645 650 754 704 LIBRO
764 651 962 708 PRAESTITO.

75 768 239 852 Clausus
251 787 318 849 diva
331 785 643 870 legens,proprioque
656 799 805 868 epectore
817 793 962 868 condens,

114 883 307 962 Participans
320 880 385 942 aliis
398 880 431 940 fit
444 880 499 940 tibi
514 881 616 962 palma
629 901 746 962 parens.

69 977 150 1041 Haec
164 996 287 1058 quoque
300 996 364 1054 quas
377 975 498 1056 pridem
512 974 643 1034 tribuisti
658 987 761 1056 pastor
772 976 862 1054 ovili,

114 1074 229 1136 Grates
241 1069 416 1150 persolvens
426 1069 527 1130 debita
540 1068 629 1130 laudo
643 1067 750 1131 libens.

74 1168 140 1231 Vos
152 1179 258 1228 tamen
270 1163 319 1224 hic
331 1176 473 1224 maneant
487 1161 612 1224 donaria
625 1162 704 1225 celsa
717 1161 883 1243 Tonantis,

116 1261 182 1340 Qui
196 1277 296 1320 sacras
309 1257 395 1338 inopi
409 1258 461 1318 das
473 1258 552 1318 bene
566 1256 663 1340 largus
674 1276 758 1339 opes.

75 1355 180 1436 Quem
193 1373 265 1418 cum
280 1366 458 1433 percontare
473 1373 582 1434 queam
595 1372 653 1434 pro
668 1371 793 1413 munere
807 1363 908 1428 tanto,

113 1449 205 1511 Tunc
218 1447 313 1530 magis
324 1467 377 1507 ore
391 1468 462 1507 meo
473 1447 568 1531 gratia
579 1459 676 1508 vestra
688 1459 784 1507 sonet.

74 1543 260 1604 Praesentem
274 1540 421 1601 samulum
434 1561 492 1622 pro
507 1561 652 1616 munere,
668 1560 786 1601 summe
799 1541 954 1619 sacerdos,

119 1634 314 1700 Commendo
328 1635 470 1716 supplex,
486 1634 580 1697 dulcis
592 1655 698 1696 amore
712 1648 808 1716 pater.

76 1729 136 1796 Cui
148 1749 205 1792 sua
219 1729 388 1792 concedens
398 1731 483 1811 justae
495 1729 705 1790 moderamina
719 1728 822 1808 librae,

117 1823 247 1888 Crescat
261 1823 378 1885 honore
392 1822 455 1884 Dei
469 1823 570 1906 palma
582 1824 680 1886 sutura
693 1823 746 1885 tui.

78 1968 160 2022 xxv.
172 1967 226 2020 sn
237 1966 392 2020 aunuum
403 1965 629 2033 ruscorum,
642 1967 713 2022 nno
725 1957 969 2026 murimonte,

77 2080 243 2166 Invi-rins
256 2101 368 2183 pietate
381 2102 476 2184 patris
490 2123 575 2166 sacer
588 2103 633 2164 ire
646 2102 795 2190 Gregori,

118 2196 194 2278 Qua
208 2195 326 2256 domini
340 2193 473 2257 Turonis
483 2198 582 2282 pascis
595 2219 700 2261 amore
714 2221 826 2284 greges.

82 2289 152 2372 Quo
165 2310 254 2352 sacer
266 2289 387 2350 antistes
400 2290 515 2352 meritis
529 2289 681 2354 Martinus
694 2295 825 2375 opimis,

118 2384 210 2465 Quas
221 2383 306 2466 prius
319 2383 465 2459 obtinuit,
479 2385 533 2446 has
543 2385 599 2448 tibi
612 2387 699 2449 cessit
713 2407 793 2450 oves.

77 2478 172 2543 Nunc
186 2498 309 2560 quoque
323 2499 379 2559 per
392 2477 490 2541 caulas
502 2491 532 2540 et
545 2478 641 2542 florea
652 2501 762 2565 pascua
775 2479 906 2559 Christi,

120 2573 195 2636 Rite
208 2573 408 2657 gnbemantes
421 2574 529 2636 ducitis
540 2576 632 2637 ambo
645 2597 758 2661 greges.
912 2581 914 2584 ’

79 2666 143 2731 Sed
155 2667 234 2729 mihi
246 2665 311 2729 vim
323 2667 435 2730 faciens
446 2681 543 2730 vester
556 2671 650 2731 modo
663 2671 755 2732 frater
766 2672 901 2747 honore,

120 2762 172 2826 Aa
186 2781 294 2825 vosne
307 2782 490 2845 properem,
502 2784 616 2848 nempe
630 2766 751 2828 retorsit
764 2767 832 2828 iter.

79 2855 172 2941 Saepe
185 2875 294 2940 rogans
306 2869 395 2934 voto,
409 2859 552 2921 mandato
564 2872 593 2921 ct
606 2859 720 2923 missile
733 2862 845 2939 verbo,

121 2951 165 3014 Et
178 2952 351 3033 conjuratus
363 2973 431 3012 sum
444 2953 506 3015 sive
520 2953 681 3035 pollicitus.
764 2977 767 2983 ·

78 3043 141 3110 vir
152 3046 293 3108 bonitate
305 3045 427 3129 placens
440 3059 470 3109 et
483 3060 587 3130 pastor
597 3049 680 3128 pacis
693 3062 826 3124 amator,

122 3139 264 3206 Foedcris
276 3139 317 3204 ob
331 3142 462 3206 studium
476 3143 514 3204 sit
524 3141 640 3208 veniale
653 3164 772 3226 precor.

826 3258 862 3320 Ι7
