2230 3838
179 299 236 352 nn
259 297 355 352 vrm
379 297 408 352 s.
427 295 611 353 uanrrnr
633 295 760 354 moun
784 302 833 358 rr.
915 289 955 376 ⁸9

65 393 159 456 Unde
172 394 223 456 hic
234 407 297 455 tam
309 393 408 455 tenuis
421 407 566 456 structura
577 394 702 477 patescit
712 395 832 459 hiulca?

63 490 110 551 Au
121 510 156 551 se
166 510 235 551 saxa
247 489 362 564 lerant,
376 500 428 549 aut
441 489 569 550 reddunt
580 490 670 552 scissa
681 491 862 555 fenestram:

63 583 123 647 Seu
136 585 209 646 duri
222 583 338 666 lapides
351 583 435 644 lento
447 603 478 644 se
490 583 604 666 glutine
617 585 756 646 solvunt?

59 681 110 742 An
124 699 196 742 casa
208 679 345 740 materiae
355 679 452 740 vitreo
466 699 498 740 se
511 679 646 762 margine
658 679 768 754 tendit,

60 774 122 836 Aut
135 773 298 858 speculare
311 773 394 834 dedit
405 795 465 853 quo
478 786 595 836 sanctus
608 772 723 836 lumine
734 776 860 838 transit?

61 870 109 930 Au
123 869 229 931 levior
241 867 341 951 paries
353 869 490 930 reroluto
504 869 591 931 cessit
602 867 634 929 in
647 888 736 945 arcu,

57 963 100 1025 Et
113 965 202 1027 stetit
216 962 378 1026 incolumis
389 963 497 1046 rapido
511 984 670 1045 suspensus
681 963 714 1024 in
726 965 808 1027 ictu?

58 1057 191 1122 Nobilis
204 1073 256 1120 aut
268 1058 347 1121 acies
360 1056 519 1121 oculorum
532 1070 562 1119 et
574 1077 728 1119 marmora
737 1059 863 1136 transit,

62 1151 190 1215 Clarior
204 1173 241 1215 ac
253 1153 332 1216 visus
344 1173 402 1234 per
416 1165 523 1215 cuncta
536 1152 686 1214 obstacula
700 1153 816 1236 pergit?

62 1245 226 1332 Penniger
238 1266 278 1307 an
291 1245 383 1308 clausi
393 1245 529 1308 volitavit
540 1247 578 1306 ad
588 1265 644 1308 ora
654 1246 811 1322 minister,

62 1342 111 1406 Ac
121 1365 181 1426 per
194 1353 338 1423 opertum
351 1341 467 1423 aperit,
486 1353 516 1402 et
528 1341 560 1401 in
572 1341 653 1403 invia
665 1341 788 1403 nuntius
801 1342 910 1406 intrat?

64 1437 114 1498 Au
130 1438 205 1519 qnia
217 1436 321 1496 lumen
334 1448 399 1497 erat
409 1447 507 1496 toturn
520 1434 611 1512 loris,
624 1437 705 1498 intus
715 1435 862 1514 habehat,

68 1530 173 1596 Carne
184 1533 308 1593 sedente
319 1529 410 1608 loco,
430 1530 516 1593 velox
528 1551 566 1592 au
579 1531 701 1614 spiritus
714 1530 796 1593 ibat?

67 1625 199 1690 Pandite
213 1625 399 1706 doctiloqui,
413 1625 624 1708 comprendite
636 1626 735 1688 clausa
750 1626 871 1708 diserti,

68 1721 133 1804 Qui
148 1721 288 1785 numeris
297 1720 423 1797 atomis,
438 1721 556 1782 ratione
569 1721 694 1803 potestis
707 1733 737 1782 et
750 1741 811 1784 ore.

68 1816 133 1881 llic
145 1817 222 1901 sugit
232 1815 410 1892 arsoculos,
425 1816 484 1877 nisi
498 1813 654 1878 Christum
667 1816 751 1878 nulla
761 1817 877 1879 ridetis.

72 1909 198 1992 Quanta
212 1910 275 1972 Dei
288 1911 398 1986 virtus,
414 1908 542 1971 Martini
556 1923 599 1973 est
611 1912 706 1995 gratia
719 1915 841 1992 quanta!

71 2005 141 2071 llac
154 2028 216 2089 ope
228 2005 373 2067 mirificus
385 2006 479 2066 homo
492 2005 642 2088 complet,
656 2009 737 2086 qnod
748 2008 842 2068 homo
854 2007 961 2085 nescit,

68 2097 212 2185 Explicat
225 2120 264 2162 ac
273 2100 344 2161 fidei
357 2101 467 2161 merito
481 2102 563 2180 quod
578 2102 674 2163 obstat
688 2104 782 2187 origo.

69 2197 168 2278 Quod
180 2209 317 2278 superest
331 2196 422 2257 etiam
434 2209 623 2258 memoretur
634 2197 751 2258 honore
765 2198 904 2279 patroni,

74 2289 328 2355 Consummanda
338 2311 393 2352 suo
405 2303 551 2374 properat
565 2292 635 2371 quia
645 2293 754 2376 pagina
766 2304 856 2353 textu.

71 2383 169 2450 Forte
181 2405 266 2447 sacer
278 2385 412 2448 residens
424 2406 480 2467 per
494 2386 568 2446 dura
580 2384 685 2447 sedilia
697 2385 788 2469 ligni,

72 2479 230 2564 Prospicit
242 2480 313 2542 hinc
325 2480 422 2542 larvas
433 2479 579 2562 pendenti
591 2501 667 2563 rupe
679 2480 845 2564 gemellas,

72 2573 224 2660 Tegmine
236 2572 380 2655 pullatas,
394 2573 471 2635 tristi
481 2587 598 2636 terrore
611 2594 754 2649 sonoras,

70 2670 198 2733 Fraude
210 2669 400 2745 laborantes,
413 2670 576 2752 jaculantes
587 2668 702 2751 spicula
715 2669 812 2744 sellis,

70 2765 231 2846 Nequitiae
243 2764 369 2826 artifices
383 2763 470 2826 rebus
481 2764 581 2849 gravia
595 2784 679 2824 arma
692 2764 838 2840 sinistris,

71 2858 165 2922 Voce
177 2871 322 2920 venenata
334 2859 427 2920 verba
436 2860 500 2922 haec
512 2859 640 2944 anguina
652 2859 799 2920 rotabant.

77 2954 165 3034 Quid
178 2953 258 3014 valet
269 2953 314 3014 ira
329 2966 466 3030 tumens,
480 2955 528 3015 eia
538 2967 568 3014 te
582 2952 701 3015 Brictio
715 2966 873 3016 monstres.

79 3046 151 3111 lloc
164 3049 277 3109 iterum
288 3060 450 3131 repetunt,
465 3050 563 3111 donec
575 3047 654 3110 male
669 3047 787 3110 Brictio
802 3060 906 3109 motus

79 3141 210 3230 lrruptis
224 3143 339 3206 loribus
352 3157 455 3208 sancto
469 3144 605 3210 convicia
618 3145 737 3228 vergit,
754 3177 760 3186 ,
