2222 3844
140 278 183 344 68
390 287 422 348 v.
452 293 489 347 u.
512 263 759 348 ronrouu'rr

135 384 357 471 Angelicusque
370 383 479 449 chorus
491 384 677 468 properabat
689 385 792 447 adora
804 381 1007 472 frequenter,

141 479 314 560 Colloquiis
325 480 451 562 placidis
462 493 494 543 ut
507 477 619 542 fessum
631 478 781 541 animaret
791 479 944 558 amicum,

140 577 182 640 Et
193 579 277 658 quasi
289 576 481 658 complexum
493 588 610 638 recreet
622 574 778 656 perverba
791 588 960 658 parentem.

141 671 205 734 Res
218 672 327 754 probat
340 671 395 733 ista
408 691 535 751 sequens
543 683 697 754 quaegesta
710 671 815 752 priora
828 683 974 732 renarrat.

143 766 319 831 Concilium
333 765 474 829 allectum
487 765 583 826 suerat
593 765 737 849 synodale
751 763 783 826 N
786 775 928 843 emanso,

143 863 218 945 Quo
230 883 313 924 sacer
324 861 445 922 antistes
457 861 608 922 mediator
620 862 723 922 adesse
733 873 849 923 recusat
861 884 868 920 :

142 958 226 1042 Ergo
241 970 337 1018 ratem
354 955 500 1018 scandens
510 955 642 1018 celerem
655 967 740 1037 parat
753 955 798 1016 ire
812 974 1026 1037 peromnem,

143 1053 296 1116 Gentibus
307 1052 339 1112 in
354 1051 462 1112 mediis
474 1050 613 1112 babitans
625 1050 754 1112 eremita
765 1062 914 1111 remotus:

142 1147 213 1231 lpse
225 1147 257 1207 in
269 1166 375 1229 puppe
387 1146 515 1221 sedens,
530 1159 654 1207 cunctos
666 1164 719 1206 sua
731 1164 824 1227 prora
833 1156 1019 1226 sequestrat,

142 1241 276 1326 Angelus
287 1262 357 1303 ecce
371 1253 473 1301 tamen
487 1240 606 1301 domini
618 1239 700 1302 venit
713 1238 807 1323 aliger
819 1238 890 1300 alto.

142 1336 214 1421 lpsa
226 1356 338 1418 nempe
352 1335 401 1396 die
415 1353 473 1415 qua
486 1354 517 1396 se
530 1346 695 1396 conventus
707 1333 825 1417 abegit,

144 1431 302 1512 Quicquid
316 1430 475 1513 pontifices
488 1427 682 1491 celebrabant
695 1428 803 1490 ordine
815 1446 959 1503 narrans,

143 1524 207 1587 Pro
220 1527 285 1587 rice
300 1523 427 1585 lllartini
442 1543 588 1605 peragens
600 1522 757 1608 synodalia
770 1543 919 1606 praesens,

142 1620 243 1700 Atque
251 1618 296 1680 sui
309 1637 380 1680 cura
393 1616 556 1699 longinqua
567 1636 623 1699 per
634 1617 744 1678 aethera
755 1629 869 1678 tranat:

145 1711 250 1792 Quem
263 1713 415 1794 pendente
427 1711 476 1772 ria
489 1731 546 1772 nec
559 1711 592 1771 in
605 1730 674 1771 aera
688 1730 790 1794 penna
803 1711 927 1796 fatigat,

144 1804 206 1869 Sed
219 1819 300 1867 natat
314 1805 361 1866 ala
374 1804 455 1866 celer
466 1805 565 1867 donec
578 1825 657 1866 nova
669 1806 776 1866 nuntia
788 1817 889 1886 portet

145 1899 225 1982 Quae
238 1901 361 1962 mandat
374 1900 534 1975 dominus,
548 1900 625 1961 nihil
636 1901 836 1962 absconsurus
847 1900 958 1963 amico.

144 1994 275 2057 Rettulit
287 2007 319 2056 ut
332 1995 416 2077 prius
428 1995 492 2058 baec
503 2014 588 2056 sacer
600 2008 631 2057 et
645 2009 714 2077 post
725 2010 832 2059 cuncta
844 1997 1003 2079 probavit,

144 2088 215 2152 Nec
225 2091 365 2173 frangunt
378 2090 521 2171 praedicta
537 2089 647 2166 iidem,
662 2110 760 2170 neque
773 2092 899 2172 prodita
908 2091 1025 2153 fallunt.

144 2183 266 2247 Accidit
278 2185 349 2246 binc
361 2186 487 2246 demum
500 2184 618 2246 foribus
631 2186 753 2247 sedente
768 2185 883 2248 Severo

145 2276 302 2362 Compare
317 2302 387 2342 curn
400 2278 493 2342 Gallo
506 2281 603 2342 doctis
615 2293 645 2340 et
658 2299 764 2342 amore
779 2281 948 2360 ministris,

144 2372 308 2436 Murmure
319 2373 481 2458 multivago
496 2373 669 2456 completur
680 2374 756 2436 cella
769 2375 860 2437 beati.

146 2463 237 2529 Ostia
249 2468 347 2531 clausa
361 2481 466 2530 tenens
480 2468 540 2529 diei
552 2469 726 2551 geminante
736 2470 791 2531 sub
802 2469 894 2548 hora,

144 2563 298 2625 Audivere
312 2561 415 2644 loqui,
431 2563 484 2624 sed
497 2563 587 2642 quid,
603 2564 720 2626 nescire
735 2563 875 2626 latentur.

147 2655 316 2720 Senserunt
326 2657 506 2737 strepitum,
521 2678 619 2737 neque
634 2659 726 2722 rerba
738 2659 877 2740 loquacia
890 2672 1024 2722 norunt:

147 2750 223 2813 Pars
237 2750 293 2812 fuit
305 2751 368 2814 baec
378 2751 479 2811 meriti
494 2750 541 2812 rel
554 2752 597 2815 sic
608 2754 734 2816 sensisse
747 2774 898 2836 superna,

147 2847 259 2930 Agnita
271 2845 295 2906 si
308 2865 372 2907 non
384 2857 468 2922 sunt,
483 2846 553 2908 satis
567 2859 611 2908 est
623 2849 724 2910 audita
737 2849 859 2910 mereri.

150 2939 226 3002 Post
236 2959 320 3002 sacer
333 2940 489 3024 egrediens
502 2941 611 3004 cellam
625 2945 741 3026 majore
756 2941 876 3006 Severo

150 3032 284 3118 Sulpitio
297 3050 441 3120 poscente
456 3037 507 3098 diu
520 3058 585 3117 quae
598 3050 680 3121 gesta
692 3038 834 3116 luissent,

149 3127 212 3192 Vix
223 3141 324 3194 motus
340 3131 501 3215 precibus,
516 3133 642 3196 tandem
652 3153 719 3196 rem
730 3153 765 3197 ex
773 3134 882 3198 ordine
893 3135 1007 3220 pandit.
