2218 3862
112 285 174 349 332
370 301 403 352 v.
424 300 459 352 n.
485 299 734 353 ronrunarr

155 389 241 470 Quas
250 390 334 472 prius
346 403 433 451 ornat
442 392 521 453 odor
532 411 623 470 quarn
634 391 744 472 probet
756 389 822 472 ipse
832 409 937 472 sapor.

112 485 251 550 Molliter
264 485 375 546 arridet
387 484 562 545 rutilantum
575 485 664 566 copia
675 483 805 558 florum,

152 579 214 640 Vix
226 591 271 640 tot
283 599 407 659 campus
418 578 509 638 habet
522 592 595 657 quot
608 579 701 638 modo
715 598 818 639 mensa
829 597 922 640 rosas.

111 673 227 735 Atheni
234 671 394 755 purpureis
403 672 455 732 nbi
467 671 562 734 lactea
574 671 637 732 lilia
649 671 767 746 blattis,

156 765 362 847 Certatimque
373 786 454 826 novo
465 765 575 849 fragrat
588 767 683 826 odore
695 765 789 827 locus.

111 859 259 922 insultant
271 859 367 941 epulae
380 859 503 919 stillanti
515 860 651 942 germine
664 858 761 933 fultae,

156 951 253 1032 Quod
265 953 389 1013 mantile
399 951 494 1028 solet,
506 973 560 1015 cnr
571 972 638 1012 rusa
645 952 771 1034 pulchra
779 953 873 1034 tegit?

117 1044 312 1127 Complaeuit
323 1044 430 1106 melius
442 1046 507 1106 sine
518 1046 618 1107 textile
631 1047 762 1128 tegmine
774 1067 897 1125 mensa,

157 1139 288 1200 Munere
301 1159 391 1219 quam
402 1139 486 1201 vario
499 1139 596 1201 suavis
609 1139 770 1200 obumbrat
780 1141 865 1203 odor.

115 1232 235 1295 Enituit
247 1233 347 1314 paries
357 1233 446 1295 viridi
456 1234 608 1314 pendente
620 1232 807 1316 ehorymbn,

159 1326 239 1407 Quae
252 1328 318 1389 loca
332 1327 420 1390 calcis
432 1327 538 1404 habet,
552 1327 612 1389 hnc
622 1347 691 1388 rosa
703 1347 805 1408 pressa
817 1329 915 1392 rubet.

116 1419 251 1482 Ubertas
263 1441 365 1482 rernm
377 1433 458 1482 tanta
469 1434 529 1497 est,
541 1434 573 1481 nt
583 1419 659 1482 flore
671 1442 780 1483 sereno

158 1512 270 1574 Mollia
282 1515 337 1575 snb
348 1515 433 1576 tectis
444 1528 530 1596 prata
543 1517 640 1576 virere
652 1529 748 1596 putes.
899 1592 904 1600 Ι

117 1605 153 1668 Si
163 1607 285 1690 fugitiva
295 1608 415 1690 placent
426 1630 491 1688 quae
500 1622 563 1669 tarn
575 1609 635 1670 eito
648 1609 730 1690 lapsa
742 1612 904 1690 recedunt,

158 1699 290 1762 lnvitent
303 1703 399 1782 epulae
412 1722 483 1778 nos,
498 1704 652 1784 paradise,
666 1716 732 1766 tuae.

117 1792 280 1856 Daedalicis
294 1797 432 1857 manibus
442 1797 532 1857 nituit
543 1809 655 1858 textura
666 1798 796 1874 sororis,

159 1885 292 1948 Tantum
305 1890 393 1973 digna
405 1890 461 1950 fnit
474 1904 571 1951 mater
582 1891 692 1952 hahere
705 1893 804 1954 decus.

379 2019 434 2072 XI.
462 2019 520 2070 DE
540 2019 752 2073 EUL'OGHS.

122 2097 279 2182 Monens
294 2119 406 2195 direxi,
418 2121 471 2179 sed
483 2139 546 2179 non
559 2140 644 2196 mea,
659 2122 747 2194 crede
759 2123 881 2201 fatenti,

161 2214 212 2275 Ad
224 2226 253 2273 te
267 2235 332 2292 qnae
343 2214 486 2289 veniunt,
499 2226 567 2274 sunt
579 2227 628 2277 tna
640 2218 720 2278 dona
731 2219 836 2300 magis.

120 2306 217 2371 Melle
230 2307 397 2387 superfusas
408 2320 584 2370 cunctorum
597 2311 725 2394 porrigis
738 2331 833 2389 escas,

165 2401 259 2483 Cujus
271 2401 309 2461 ab
323 2421 376 2462 ore
389 2403 442 2483 pio
456 2401 553 2463 dulcia
566 2404 657 2465 mella
669 2404 774 2468 fluunt.

123 2492 224 2576 Copia
238 2507 347 2574 quanta
359 2495 434 2555 mihi
447 2510 567 2557 maneat
580 2499 617 2559 de
630 2519 755 2560 munere
767 2510 886 2576 restro,

164 2587 288 2650 Credite
302 2589 373 2648 dum
386 2588 498 2672 spargit
507 2592 570 2672 jam
582 2592 651 2675 gula
660 2593 737 2655 victa
750 2593 844 2655 cibos.

121 2680 184 2744 Sed
195 2681 270 2742 mihi
283 2683 320 2742 da
332 2682 452 2743 reniam
463 2688 634 2748 venerando
647 2688 738 2750 eorde
751 2687 897 2769 benigna,

163 2773 258 2856 Quod
268 2777 458 2859 praesumpsit
468 2798 571 2856 arnor,
584 2781 622 2842 sit
633 2782 750 2843 veniale
762 2781 846 2842 mihi.

120 2868 214 2934 Nunc
226 2867 381 2932 Christum
395 2892 451 2952 pro
466 2893 515 2933 me
530 2874 638 2936 chorus
653 2877 705 2938 ille
718 2877 864 2940 verendus
875 2875 1007 2952 adoret,

162 2963 232 3026 Nec
244 2978 435 3046 peccatorem
448 2988 497 3029 me
511 2989 580 3030 mea
592 2969 680 3053 eulpa
692 2985 801 3055 gravet.

334 3096 402 3146 ΧΗ.
431 3096 510 3148 PRO
534 3097 785 3155 CASTANEIS.

124 3165 200 3248 isra
215 3188 290 3248 meis
301 3189 440 3252 manibus
451 3192 562 3256 fiscella
572 3208 617 3258 est
630 3197 743 3262 vimine
756 3209 848 3275 texta,
