2218 3862
251 342 803 476 veronoster

310 609 749 716 POEMATUM

356 910 485 966 LIBER
507 912 708 970 DECIMUS·

204 1127 227 1196 ι.
248 1126 301 1178 An
323 1127 516 1181 Domator
537 1129 856 1202 ernestionem,

329 1219 470 1271 querno
489 1221 526 1261 sn
546 1221 733 1262 nacaosrr.

87 1327 174 1427 Quo
184 1348 249 1412 sine
262 1370 313 1413 me
326 1371 395 1413 mea
408 1351 457 1414 lux
470 1351 565 1416 oculis
577 1353 745 1416 errantibus
758 1353 860 1432 abdit,

128 1443 198 1507 Nec
209 1445 321 1526 patitur
334 1446 442 1508 risose
455 1466 588 1511 reserare
602 1447 694 1509 meo?

6 1591 8 1596 .
87 1533 206 1600 Omnia
218 1539 373 1620 conspicio
386 1539 478 1602 simul
489 1540 617 1618 aethera,
630 1539 773 1620 flumina,
787 1553 919 1619 terram,‘

130 1629 212 1694 Cum
224 1643 254 1693 te
267 1630 330 1693 non
341 1633 447 1710 video,
461 1647 529 1695 sont
541 1634 618 1695 mihi
629 1647 734 1697 cuncta
746 1655 866 1718 parum.

6 1779 7 1782 ,
86 1724 238 1809 Ωιιαωνίε
250 1725 288 1786 sit
301 1726 408 1788 coelom
422 1727 532 1788 nebula
544 1728 674 1810 fugiente
687 1748 847 1810 serenum,
906 1748 908 1752 ’

127 1817 175 1880 Te
189 1819 304 1881 celante
313 1820 389 1881 mihi
402 1832 459 1881 stat
471 1820 536 1883 sine
549 1821 613 1883 sole
626 1822 700 1884 dies.

88 1910 150 1975 Sed
162 1933 273 1994 precor
285 1913 429 1976 horarum
442 1916 530 1977 ducat
543 1927 610 1976 rota
624 1915 742 1980 concita
754 1934 874 1994 cursus,

127 2005 171 2068 Et
182 2007 327 2070 brevitate
339 2007 433 2070 velint
445 2027 477 2070 se
489 2008 622 2072 celerare
636 2010 709 2071 dies.

90 2097 270 2164 Consultum
281 2101 370 2164 nobis
382 2103 550 2182 sanctisque
562 2103 717 2165 sororibus
727 2102 787 2167 hoc
798 2103 854 2180 sit,

128 2193 177 2255 Ut
186 2194 268 2257 vultu
281 2195 395 2257 releves
408 2216 483 2276 quos
496 2197 529 2257 in
543 2215 647 2258 amore
658 2207 751 2258 tenes.

128 2353 163 2405 11.
184 2353 234 2403 AD
251 2351 422 2419 ΕΛΝΒΕΜ,
434 2352 483 2404 DE
501 2352 695 2404 NATALITIO
711 2350 934 2406 ABBATISSAE.

88 2452 222 2536 Mareu
236 2474 357 2555 opima,
371 2474 497 2549 decens,
510 2486 581 2535 voto
593 2471 693 2536 laetare
705 2471 812 2551 beato,

130 2567 257 2642 Gaude,
272 2566 403 2628 natalem
414 2567 476 2627 filia
487 2566 582 2629 dulcis
594 2566 695 2628 habet.¹

90 2661 181 2724 Hanc
193 2661 249 2722 tibi
262 2681 324 2724 non
336 2673 437 2722 uteros
451 2671 571 2735 natam,
585 2661 637 2721 sed
648 2659 742 2744 gratia
754 2657 842 2734 fecit,

106 2815 109 2819 .
130 2754 205 2815 Non
221 2775 309 2831 caro,
324 2756 376 2817 sed
392 2752 529 2818 Christus
539 2754 617 2817 hauc
629 2755 661 2814 in
675 2774 779 2815 amore
791 2752 883 2814 dedit.

91 2847 170 2928 Qoae
181 2847 219 2909 sit
231 2847 264 2908 in
276 2862 389 2910 aeterno
402 2861 520 2926 tecum,
536 2848 592 2910 tibi
606 2847 733 2910 contulit
746 2859 868 2924 auctor,

133 2934 314 3023 Perpetuam
327 2942 449 3024 prolem
462 2944 512 3003 dat
523 2943 587 3004 sine
601 2942 660 3003 fine
674 2953 772 3025 pater.

92 3034 177 3096 Felix
189 3036 349 3117 posteritas
362 3057 427 3116 quae
440 3036 524 3098 nullo
536 3037 636 3099 deficit
649 3056 731 3112 oevo,

133 3128 212 3209 Quae
223 3151 293 3193 cum
305 3142 402 3194 matre
413 3130 504 3194 simul
516 3151 579 3193 non
591 3130 738 3194 moritura
749 3136 864 3191 manet.¹
