2222 3844
150 319 205 371 uu
229 315 328 371 vrrs
353 318 384 372 s.
409 317 603 373 Msartut
627 319 758 374 stoan
782 321 822 376 11.
886 311 926 396 49

61 417 92 480 Et
107 420 175 482 levis
188 421 361 482 umbriferae
372 420 506 482 volitavit
519 421 620 504 imago
633 422 755 504 figurae,

61 513 164 576 Visibus
177 514 301 577 exclusis
312 515 419 577 cellam
431 516 552 597 paedore
567 517 739 579 cruminans

58 607 167 692 Agnitus
179 609 299 673 indiciis
309 631 361 670 sua
375 631 431 691 per
442 609 563 692 vestigia
575 611 718 686 sordens,

57 698 90 763 Et
101 705 189 765 fetore
203 703 261 764 sibi
275 704 436 766 comitante
448 703 574 765 satellite
588 704 678 787 sugit,

58 795 229 880 ltlartiuique
241 799 332 860 fidem
345 820 402 861 nec
414 797 526 882 fulgida
537 799 636 858 forma
648 798 771 875 fefellit,

58 889 113 955 Nec
123 896 239 955 radium
252 894 363 955 mentis
376 893 483 954 delusit
496 893 641 974 splendor
654 893 768 969 inanis,

55 983 123 1050 luce
136 989 290 1071 superfusa
301 1009 359 1069 qua
370 1009 402 1050 se
414 1009 473 1049 nox
483 1000 559 1048 tetra
571 989 696 1072 tegebat.

56 1078 187 1164 Nunquid
200 1103 264 1144 non
277 1096 396 1165 poterat
408 1082 531 1144 humilis
544 1103 685 1164 superare
700 1084 886 1166 superbum?

57 1173 108 1238 llut
117 1198 176 1238 non
188 1179 334 1262 dejiceret
346 1191 408 1239 tam
419 1190 521 1239 mente
534 1177 681 1262 benignus
695 1178 853 1258 iniquum?

57 1268 177 1336 Pacificis
188 1273 283 1334 armis
296 1274 401 1336 doetus
412 1272 560 1334 domitare
573 1272 722 1348 rebelles,

59 1363 139 1449 Cujus
149 1368 246 1432 dulcis
258 1380 322 1429 erat
333 1368 435 1444 lavor,
448 1381 478 1429 et
488 1368 589 1429 honor
601 1367 677 1427 altus
691 1367 824 1444 amoris,

58 1457 120 1521 Non
131 1462 231 1524 solum
244 1461 365 1523 abluere
379 1462 518 1538 alterius,
532 1462 585 1522 sed
596 1460 732 1522 lambere
744 1460 877 1542 plantas,

59 1549 182 1639 Hospitis
192 1570 283 1637 atque
296 1556 368 1619 novi
380 1557 501 1640 vestigia
512 1568 627 1640 tergere
639 1555 749 1640 lingua.

61 1645 173 1732 Semper
185 1671 297 1733 aquam
310 1651 448 1713 manibus
459 1651 594 1712 tribuens
604 1650 793 1714 venientibus
806 1651 889 1735 ipse,

60 1739 167 1806 Coelesti
179 1746 305 1830 cupiens
315 1745 434 1808 bomini
445 1744 557 1808 servire
571 1745 727 1822 minister,

61 1832 93 1896 Et
103 1860 202 1903 manus
214 1839 294 1902 alma
306 1841 399 1922 pedes
412 1841 450 1901 de
463 1850 622 1921 peccatore
636 1838 753 1915 luebat,

64 1927 129 1993 Cum
141 1955 191 1998 sua
203 1934 374 2018 porrigeret
386 1933 435 1996 vel
447 1933 569 1995 fimbria
581 1945 658 1996 tacta
670 1934 815 2010 salutem,

66 2019 115 2102 Qui
124 2026 279 2092 illecebras
295 2029 399 2089 mundi
413 2027 567 2112 fugiendas
581 2028 772 2104 instituebat,

65 2113 96 2178 Et
105 2122 178 2185 seclo
191 2143 246 2185 sua
256 2123 339 2184 lucra
352 2122 433 2198 dari,
447 2122 492 2183 nil
505 2143 639 2203 quaerere
652 2123 758 2198 terris,

66 2207 101 2273 Ut
111 2237 230 2280 censum
244 2217 374 2301 lugeret,
389 2215 441 2298 qui
453 2218 615 2279 ascendere
629 2217 719 2280 vellet
732 2215 912 2301 olympum,

67 2301 100 2365 Ut
109 2331 190 2393 grave
205 2311 324 2394 pondus
336 2333 401 2390 quae
415 2310 462 2372 vel
474 2311 594 2371 nummi
606 2309 705 2372 nullus
715 2309 857 2387 haberet,

69 2396 121 2465 Nec
131 2407 272 2468 retineret
283 2426 372 2486 opes,
387 2405 439 2487 qui
451 2404 527 2467 coelo
541 2417 714 2468 occurreret
726 2404 838 2465 haeres:

71 2489 190 2580 Namque
204 2520 280 2561 onus
293 2519 450 2562 ascensum
461 2511 558 2576 vetat,
572 2512 601 2560 et
612 2500 794 2562 descendere
805 2511 935 2581 praestat.

74 2583 151 2654 lnum
162 2613 247 2657 versa
258 2593 394 2671 trahunt,
409 2615 465 2657 nec
478 2593 511 2655 in
523 2593 618 2655 altum
631 2594 768 2675 pondera
783 2595 913 2676 ducunt,

74 2677 98 2742 ln
107 2702 237 2750 montem
249 2688 385 2772 gradiens
397 2688 505 2773 titubat
517 2688 571 2750 sub
584 2689 662 2750 fasce
677 2687 835 2767 columna,

74 2773 163 2844 Deficit
173 2796 202 2844 et
215 2783 326 2867 fragilis
339 2782 440 2844 valido
451 2783 506 2844 sub
517 2783 653 2865 pondere
666 2782 786 2864 planta,

75 2865 164 2959 llergit
173 2878 206 2939 in
217 2879 365 2938 undosum
378 2877 559 3041 cumpgatam
573 2876 688 2938 sarcina
702 2897 847 2958 proram,

76 2959 187 3050 lltpetat
197 2972 235 3033 ad
249 2984 370 3053 portum
382 2992 451 3033 reru
498 2971 568 3033 lacit
580 2971 710 3052 emptica
722 2973 844 3053 jactum.

80 3055 125 3135 Qui
136 3079 217 3146 pater
227 3066 348 3127 illustris
362 3064 481 3127 Paulini
494 3076 573 3149 gesta
586 3064 712 3144 beabat,

79 3145 174 3221 lloruit
183 3158 277 3224 ltaliae
289 3182 349 3243 quo
363 3173 432 3245 post
441 3160 571 3226 antistite
585 3157 669 3224 Nola

791 3252 810 3313 5
