2218 3862
250 349 491 403 postratum
512 347 641 404 murm
666 353 753 407 vrrr.
885 339 947 403 303

60 433 158 503 Unde
171 440 266 503 recisa
278 440 351 516 luit,
363 438 485 521 populis
498 439 556 501 lert
569 441 638 503 inde
651 444 794 522 salutem,

8 531 9 538 '
105 533 142 595 Si
155 535 236 597 venit
247 535 430 616 intrepidus,
445 527 560 595 lomina
573 555 667 598 caecus
681 537 779 599 habet.

63 627 114 690 Tu
127 629 216 690 levita
226 648 325 701 sacer,
339 647 427 708 poena
439 641 560 710 purgate
572 629 669 705 fideli,

108 721 203 782 Unde
215 721 298 802 prius
311 719 462 796 flammas,
477 721 548 784 hinc
559 725 651 783 modo
664 724 765 785 lumen
779 724 878 789 habos.

66 814 127 876 llis
140 814 182 874 ita
193 814 380 896 temporibus
389 816 551 874 venerandi
562 818 699 878 antistitis
709 831 790 894 acta,

107 906 173 969 Sed
185 919 285 968 tamen
296 920 407 968 aetemo
418 921 487 970 sunt
499 913 695 972 memoranda
707 912 765 973 die.

276 1055 335 1112 XV.
352 1059 407 1111 DE
423 1053 546 1112 DOMO
565 1059 736 1116 LIGNEA.

70 1159 170 1244 Cultu
184 1198 290 1260 parum
302 1179 399 1260 paries
411 1178 547 1261 lapidum
562 1196 729 1247 constructe
743 1187 883 1264 metallo,

109 1273 243 1335 Artificis
257 1273 365 1334 merito
376 1274 503 1354 praefero
516 1274 595 1358 ligna
606 1277 670 1338 tibi.

70 1365 203 1427 fflthera
214 1365 296 1426 mole
308 1385 360 1426 sua
370 1366 501 1428 tabulata
513 1368 623 1449 palatia
636 1371 772 1452 pulsant,

113 1457 187 1539 Quo
199 1478 296 1538 neque
309 1460 409 1540 prima
421 1472 503 1540 patet
515 1463 721 1525 consolidante
735 1486 835 1528 manu.

73 1552 228 1635 Quicquid
241 1571 322 1626 saxa,
335 1552 438 1629 sablo,
453 1553 600 1634 calcisque
613 1557 717 1640 argilla
729 1571 864 1634 tuentur,

112 1643 237 1729 Singula
249 1645 330 1729 sylva
343 1645 443 1707 favens
456 1648 611 1710 aedificarit
623 1669 708 1732 opus.

73 1739 189 1814 Altior,
203 1750 232 1799 et
244 1738 343 1813 mitis,
357 1740 558 1820 quadrataque
572 1743 704 1823 porticus
716 1744 828 1822 ambit,

112 1831 155 1892 Et
169 1831 350 1912 sculpturata
362 1831 431 1893 lusit
444 1833 475 1893 in
486 1846 550 1896 arte
563 1835 657 1898 faber.

111 1983 194 2035 XVI.
214 1981 270 2033 AD
287 1983 548 2037 CHRODINUM
571 1986 721 2040 DUCEM
742 1990 910 2042 t'tnLtAE.

76 2093 223 2176 lucratus
236 2114 292 2174 dux
304 2113 419 2174 meritis
431 2126 528 2175 totum
541 2115 656 2198 vulgate
670 2138 726 2196 per
739 2118 861 2194 orbem,

115 2202 221 2284 Quem
233 2203 324 2264 nimis
336 2204 486 2287 egregium
497 2204 654 2284 splendida
668 2205 748 2265 fama
762 2206 862 2267 refert.

75 2297 149 2360 Nou
163 2316 217 2379 ego
229 2309 404 2378 praeteream
418 2299 570 2378 praeconia
580 2297 676 2373 celsa,
691 2297 864 2374 Chrodine,

114 2389 167 2452 Ne
178 2389 281 2449 videar
294 2389 374 2450 solus
386 2410 491 2473 magna
502 2389 591 2451 silere
604 2391 702 2451 bonis.

9 2543 12 2574 ι
75 2483 151 2544 ltala
163 2495 242 2544 terra
254 2483 311 2543 tibi
323 2484 435 2564 pariter
447 2483 616 2545 Germania
628 2484 790 2566 plaudunt,

116 2575 196 2637 Laus
208 2589 259 2636 tua
271 2590 446 2638 cunctorum
460 2597 582 2659 semper
595 2579 625 2637 in
641 2599 693 2638 ore
707 2589 802 2638 sonat.

78 2667 186 2732 Clarus
199 2670 236 2730 ab
251 2669 378 2750 antiquis
391 2671 481 2754 digno
494 2673 668 2754 generosior
681 2686 765 2748 ortu,

119 2761 252 2846 Regibus
265 2775 295 2824 et
305 2763 407 2845 patriae
421 2765 472 2845 qui
483 2765 644 2846 placiturus
658 2785 734 2826 eras.

76 2853 283 2936 Tutoremque
295 2857 345 2917 alii
359 2858 596 2937 nutritoremque
611 2859 757 2935 fatentur,

120 2945 161 3007 Et
172 2948 206 3007 fit
218 2961 367 3010 certamen
382 2951 418 3010 de
431 2951 541 3032 pietate
553 2964 612 3011 tua.

78 3037 127 3100 Ut
137 3039 266 3101 habeant
278 3042 345 3119 alii,
361 3043 435 3103 nulli
448 3057 497 3105 tua
509 3047 588 3105 dona
599 3064 732 3119 recusas,

121 3131 237 3195 'turibi
252 3135 319 3218 plus
330 3157 435 3221 auges,
450 3157 522 3218 quas
534 3139 611 3200 bene
625 3138 725 3199 fundis
736 3157 818 3219 opes.
