2222 3852
259 367 506 431 POEMATUM
528 365 661 428 LIBER
687 375 736 426 rt.
878 362 939 437 aid

57 463 204 550 AEqualis
217 481 340 531 consors
350 478 381 526 ut
392 465 430 526 ab
443 463 583 525 omuibus
596 464 675 525 alme
686 464 818 541 voceris,

102 561 232 646 Legibus
243 560 314 622 hiuc
324 561 426 640 judex,
440 558 511 621 hinc
521 557 654 619 bonitate
666 578 783 639 pareus.

56 654 112 718 Da
122 655 225 737 paucis
237 653 372 727 veniam,
387 652 529 732 quoniam
542 651 616 710 mihi
630 652 760 732 portitor
771 653 874 730 instar,

101 747 186 810 Nam
199 749 236 810 de
250 747 339 807 fratre
353 744 432 827 Lupi
445 763 493 806 res
505 757 610 806 monet
622 744 722 826 ampla
736 744 828 826 loqui.

61 841 114 906 Sic
125 842 237 902 tribuat
250 839 388 901 domiuus
400 837 514 900 meritis
527 838 671 920 reparetis
684 853 715 899 ut
727 838 830 918 illum,

102 932 209 1016 Quem
222 933 334 1016 pariter
347 946 444 995 tecum
453 932 556 995 cordis
566 951 670 992 amore
684 931 761 994 colo.

67 1087 122 1142 11.
141 1087 197 1140 At)
217 1085 403 1142 tovrltttrt
422 1083 652 1140 RECTOREM
675 1087 925 1142 PROVINCIAE.

65 1203 234 1288 Pnosrrco
246 1223 383 1303 quotiens
396 1221 488 1284 direxi
501 1222 611 1304 scripta
623 1222 736 1298 relatu,

101 1317 257 1396 Nullaque
269 1318 307 1379 de
319 1325 416 1378 vestro
429 1314 538 1398 pocula
548 1315 631 1376 fonte
642 1313 726 1376 bibo.

65 1411 168 1493 Quem
179 1409 263 1492 prius
275 1409 384 1493 irrigua
395 1427 543 1473 recrearas
555 1405 648 1470 ditior
659 1411 756 1485 unda,

103 1505 174 1566 Nec
188 1503 281 1563 modo
297 1499 434 1564 Castaliis
446 1502 579 1565 redditur
590 1504 709 1566 haustus
719 1503 811 1584 aquis.

69 1597 117 1662 sie
126 1618 177 1659 me
189 1615 261 1658 cura
270 1595 372 1657 minor
383 1597 472 1657 vestri
482 1595 622 1659 tenuisset
632 1598 763 1674 amoris,

102 1691 178 1752 Jam
190 1688 286 1749 fuerat
298 1687 413 1749 licitum
426 1684 569 1772 stringere
582 1688 661 1751 colla
673 1709 775 1751 mauu.

64 1783 157 1846 Nunc
169 1781 280 1864 magis,
294 1781 364 1841 iude
374 1780 473 1842 minue
485 1781 573 1863 capio
583 1826 592 1858 ,
604 1783 673 1864 quia
686 1784 776 1868 diligo
788 1786 898 1868 majus,

103 1874 147 1937 Et
157 1895 226 1938 cum
240 1872 305 1957 plue
314 1874 451 1956 cupiam,
464 1888 533 1936 vota
544 1889 648 1960 negata
658 1897 770 1960 geram.
815 1893 816 1896 ’

66 1967 129 2052 Qui
142 1968 200 2030 tibi
212 1967 368 2028 transfudit
376 1987 444 2029 mea
454 1979 577 2050 pectora
590 1983 712 2050 pectore
724 1983 805 2047 tuto,

106 2060 172 2124 Cur
182 2080 257 2144 rogo
264 2080 330 2121 uon
339 2060 451 2142 pariter
463 2060 578 2123 lumina
590 2062 692 2123 lumen
703 2061 835 2125 habent?

64 2152 125 2217 vet
138 2155 220 2234 quod
231 2155 327 2216 amice
341 2153 428 2231 iicet,
440 2154 558 2236 scriptis
571 2153 636 2217 sero
651 2176 719 2219 care
729 2157 872 2231 salutem,

107 2245 170 2310 Sed
183 2247 259 2309 mihi
269 2266 328 2327 qua
338 2248 453 2310 relever
465 2247 572 2332 pagiua
583 2249 686 2310 reddat
700 2270 801 2333 opem.

243 2389 315 2440 xtt.
339 2388 393 2440 AD
414 2387 545 2442 IPSUM
568 2390 768 2442 Jovntuttt

66 2499 235 2584 Tmou
249 2519 460 2601 upsavount,
475 2519 860 2603 rugruvuraumaraoru,

107 2614 204 2676 Ducit
214 2626 244 2674 et
257 2615 288 2673 in
301 2613 417 2674 senium
429 2614 543 2676 lubrica
555 2614 615 2675 vita
627 2615 717 2677 viros.

67 2707 147 2770 Fine
159 2706 250 2768 trahit
261 2705 352 2768 celeri
363 2707 427 2766 eine
440 2707 498 2768 tine
512 2706 651 2769 volubilis
664 2707 741 2783 axia,

108 2801 181 2864 Nec
192 2800 301 2862 retinet
314 2800 431 2882 rapidas
445 2801 481 2861 ad
493 2818 545 2862 sua
557 2800 641 2861 frena
652 2814 741 2862 rotas.

68 2893 191 2960 Cuncta
201 2913 325 2954 movens
336 2913 436 2956 secum
450 2907 604 2956 momenta
618 2907 647 2956 et
660 2895 794 2976 pondera
807 2914 926 2972 rerum,

92 3021 96 3028 ·
108 2987 223 3049 Donec
233 2999 313 3048 meta
324 2988 425 3049 avidos
437 2988 539 3049 sistere
550 3001 634 3071 cogat
647 3009 748 3067 equos.

67 3079 123 3144 Sic
134 3100 255 3161 quoque
266 3079 424 3142 dissimiles
437 3083 474 3142 ad
486 3081 577 3144 tinem
590 3081 740 3142 tendimus
751 3100 872 3158 omues,

107 3170 216 3238 Nemo
225 3175 336 3256 pedem
348 3173 471 3236 retrahit
483 3195 542 3255 quo
555 3174 614 3240 eibi
626 3174 713 3237 limes
726 3174 791 3236 erit.
