2218 3862
292 355 457 412 ornnem
487 353 768 411 srucutnnas.
910 347 973 436 ³49

86 455 162 519 Tale
176 453 280 516 venire
294 453 344 514 diu
360 452 512 534 expectavi
525 473 635 514 munus
648 456 793 534 amantis,

129 550 307 628 Militiaeque
322 561 378 608 tuae
393 548 472 609 hanc
485 547 560 607 mihi
573 547 667 608 mittis
679 550 794 630 opem?

85 643 203 726 Dirigis
215 643 270 702 ista
282 663 353 704 meo
368 663 447 705 nunc
461 642 556 703 serica
570 641 681 703 vellera
694 663 808 724 penso,

131 739 175 797 Ut
188 740 259 798 dum
275 737 442 811 distraho,
458 734 537 797 soler
550 756 655 798 amore
669 738 780 798 soror?

87 829 208 894 Siccine
223 830 371 892 consuluit
384 830 483 893 valido
498 842 545 890 tua
561 851 632 891 cura
645 831 762 908 dolori,

131 925 253 986 Primus
273 939 302 985 et
313 938 460 984 extremus
473 925 594 983 nuntius
606 925 662 984 ista
681 926 787 988 daret?

85 1020 155 1082 Nos
169 1021 254 1080 aliter
267 1019 406 1102 lacrymis
419 1039 474 1099 per
487 1029 556 1077 vota
570 1018 756 1080 cucurrimus
767 1019 895 1102 amplis,

128 1113 262 1174 Venerat
276 1158 284 1188 ‚
300 1113 414 1194 optanti
427 1110 542 1186 dulcia,
557 1129 659 1170 amara
671 1111 746 1172 dari.

85 1207 182 1268 Anxia
195 1207 324 1268 sollicito
339 1205 501 1284 torquebar
515 1217 640 1285 pectora
651 1224 756 1281 sensu,

128 1301 224 1362 Tanta
238 1301 330 1361 animi
345 1299 436 1360 febris
449 1299 661 1360 hisrecreatur
674 1299 767 1378 aquis.

87 1393 222 1458 Cernere
234 1415 296 1454 non
311 1392 409 1453 merui
420 1393 520 1452 virum
530 1437 539 1468 ‚
550 1413 607 1454 nec
618 1393 719 1453 adesse
730 1391 890 1474 sepulchro
901 1407 912 1470 ‚'

129 1489 272 1550 Perferor
284 1487 414 1567 exequiis
426 1485 519 1546 altera
532 1487 643 1546 damna
655 1485 723 1547 tuis.

87 1580 152 1645 Cur
162 1597 260 1643 tamen
266 1584 328 1643 haee
338 1600 506 1642 memorem
514 1581 581 1655 tibi,
592 1601 660 1642 care
670 1579 824 1650 Artarchis
831 1578 964 1659 alumne,

128 1675 264 1737 Fletibus
273 1690 359 1755 atque
373 1675 448 1736 meis
463 1675 574 1736 addere
584 1672 683 1734 flenda
693 1673 774 1734 tuis?

83 1768 260 1831 Debueram
274 1771 375 1852 potius
387 1768 533 1830 solamina
546 1768 625 1832 ferre
638 1766 777 1848 parenti,

128 1862 190 1925 Sed
207 1865 294 1925 dolor
306 1863 426 1926 extincti
439 1864 516 1947 cogit
529 1882 631 1923 amara
646 1861 739 1941 loqui.

83 1957 158 2018 Non
172 1959 227 2018 fuir
240 1980 274 2041 ex
285 1958 371 2040 longa
382 1957 635 2041 consanguinitate
646 1955 855 2038 propinquus,

127 2049 189 2111 Sed
202 2044 239 2110 de
249 2043 338 2110 fratre
347 2051 440 2130 patris
451 2050 604 2130 proximus
616 2049 669 2110 ille
683 2068 800 2128 parens.

83 2143 167 2205 Nam
180 2141 255 2202 mihi
268 2140 445 2201 Bertharius
456 2153 558 2221 pater,
571 2140 617 2200 illi
634 2138 888 2217 Ermenesredus‚

126 2237 289 2300 Germanis
299 2235 409 2320 geniti,
425 2255 481 2298 nec
495 2255 596 2295 sumus
608 2234 683 2295 orbe
697 2234 773 2314 pari.

83 2331 144 2394 Vel
155 2345 268 2408 tu‚care
282 2329 543 2414 nep0s‚placidum
555 2328 632 2388 mihi
645 2328 737 2390 redde
746 2327 962 2412 propinquum,

124 2427 166 2488 Et
175 2427 214 2487 sis
227 2445 330 2486 amore
340 2444 424 2485 meus
433 2424 514 2503 quod
526 2422 581 2483 suit
593 2420 644 2482 ille
657 2421 751 2502 prius.

84 2519 197 2601 Meque
211 2519 393 2580 monasterio
406 2515 505 2578 missis
515 2537 588 2600 rogo
601 2535 680 2597 saepe
692 2515 844 2594 requiras,

124 2614 171 2676 Ac
181 2627 279 2676 vestro
290 2612 399 2674 auxilio
413 2624 469 2673 stet
480 2611 563 2673 locus
574 2610 630 2670 iste
645 2606 726 2672 Deo.

83 2707 129 2768 Ut
141 2730 210 2771 cum
223 2720 317 2768 matre
331 2707 381 2788 pia
392 2706 477 2768 vobis
489 2705 554 2766 haec
566 2724 636 2768 cura
650 2701 792 2784 perennis

126 2800 225 2863 Possit
238 2802 269 2861 in
281 2802 423 2884 astrigero
432 2801 557 2862 reddere
570 2800 658 2883 digna
668 2798 788 2858 throno.

84 2894 176 2958 Nune
187 2898 259 2957 dnm
271 2895 426 2957 distribuat
437 2895 523 2958 vobis
536 2893 674 2956 felicibus
688 2903 721 2952 ut
731 2890 770 2952 sit

126 2990 261 3056 Praesens
274 2991 355 3078 larga
365 2991 457 3070 salus,
470 2991 523 3052 illa
534 2991 633 3052 sutura
643 2991 741 3054 decus.

469 3169 570 3210 111118.
