2230 3838
150 302 208 379 146
403 317 438 371 V.
464 316 501 370 tt.
526 316 773 373 roaruttn'rt

188 407 436 488 Quadratumque
450 407 550 469 levans
564 409 652 469 crista
665 410 807 471 rotundat
819 427 905 491 opus.

145 504 243 566 Altius
257 515 288 565 ut
300 516 417 585 stupeas
428 522 496 564 arce
508 504 685 566 ascendente
700 524 756 585 per
768 523 872 581 arcus,

187 597 284 658 lustar
295 597 407 658 montis
420 617 508 681 agens
521 598 593 657 aedis
605 617 733 658 acumen
745 598 846 660 habet.

145 693 214 755 Illic
226 691 374 775 expositos
386 691 461 754 fucis
473 691 676 754 animantibus
689 705 786 770 artus,

187 786 300 848 Vivere
311 784 442 867 picturas
455 798 517 847 arte
531 783 654 846 rellante
668 799 763 867 putes.

146 881 202 945 Sol
215 901 302 963 vagus
314 891 346 940 ut
359 880 475 940 dederit
485 900 541 962 per
553 892 672 962 stagnea
685 892 762 942 tecta
773 880 931 958 colorem,

187 975 296 1037 Lactea
308 973 357 1034 lux
368 973 479 1048 resilit,
494 994 565 1035 cum
577 974 672 1034 rubor
686 972 756 1035 inde
770 974 850 1038 serit.

143 1070 194 1133 Ire
207 1069 305 1131 redire
319 1068 401 1130 vides
411 1067 496 1127 radio
510 1066 660 1149 crispante
674 1068 801 1152 figuras,

182 1164 283 1243 Atque
294 1160 417 1224 lacunar
427 1161 501 1245 agit,
517 1163 599 1241 quod
612 1162 704 1223 maris
719 1164 798 1223 unda
811 1163 899 1225 solet.

141 1259 307 1342 Fulgorem
318 1267 467 1317 astrorum
480 1256 663 1317 meditantur
676 1267 753 1318 tecta
766 1257 911 1334 metallo,

185 1352 226 1413 Et
235 1352 396 1434 splendore
407 1370 461 1412 suo
473 1349 605 1412 culmina
617 1352 707 1433 sydus
717 1351 841 1414 habeut.

144 1447 231 1508 Luna
244 1457 389 1508 coronato
403 1444 541 1525 quotiens
554 1445 715 1506 radiaverit
728 1458 814 1521 ortu,

185 1540 325 1602 Alterum
337 1539 374 1600 ab
388 1539 450 1600 aede
462 1558 545 1600 sacra
558 1539 649 1622 surgit
662 1541 701 1600 ad
713 1552 789 1602 astra
800 1539 897 1621 jubar.

145 1635 181 1698 si
196 1646 284 1696 nocte
297 1632 435 1713 inspiciat
447 1631 525 1694 hanc
537 1634 748 1714 praetereundo
761 1633 877 1709 viator,

187 1727 227 1790 Et
238 1741 350 1788 terram
363 1725 462 1786 stellas
475 1728 576 1788 credet
589 1727 700 1790 habere
713 1748 789 1791 suas.

144 1825 225 1888 Tota
237 1823 316 1906 rapit
327 1821 425 1883 radios
436 1821 545 1904 patulis
558 1821 676 1884 oculata
690 1821 844 1900 fenestris,

187 1917 229 1978 Et
238 1918 321 2000 quod
333 1915 453 1977 mireris
464 1915 514 1978 hic
526 1916 619 1993 foris,
633 1916 712 1978 intus
724 1918 826 1979 habes.

145 2012 301 2094 Tempore
315 2031 375 2092 quo
389 2011 514 2072 redeunt
526 2011 676 2086 tenebrae,
689 2011 765 2070 mihi
780 2010 880 2074 dicere
892 2011 936 2074 sas
949 2011 1015 2092 sit,

188 2105 321 2167 Mundus
331 2105 420 2166 habet
433 2117 573 2180 noctem,
589 2105 703 2166 detinet
714 2105 782 2166 aula
795 2105 887 2167 diem.

145 2201 278 2264 Dextera
290 2221 358 2283 pars
372 2199 479 2281 templi
491 2199 609 2260 meritis
623 2199 777 2283 praesulget
790 2198 908 2278 Hilari,

189 2295 344 2379 Compare
358 2294 492 2355 llIartino
505 2294 696 2356 consociante
706 2294 808 2377 gradu.

150 2391 253 2455 Gallia
265 2390 308 2452 sic
321 2388 463 2472 proprios
474 2387 616 2448 dillundit
628 2388 739 2468 ubique
752 2400 912 2470 patronos,

191 2485 280 2566 Quos
289 2485 340 2546 hic
350 2497 429 2544 terra
441 2482 531 2566 tegit,
548 2483 663 2543 lumina
677 2483 806 2543 mundus
818 2483 918 2544 habet.

146 2579 253 2640 Altera
266 2577 405 2640 Ferreoli
418 2597 488 2659 pars
502 2589 546 2637 est
559 2577 612 2656 qui
624 2575 747 2638 vulnere
761 2575 852 2652 serri,

191 2672 320 2733 Munere
334 2672 470 2756 martyrii
483 2691 602 2755 gemma
613 2671 743 2752 superba
754 2670 840 2731 nitet.

154 2766 278 2842 Obtulit
289 2768 353 2830 haec
365 2765 470 2843 Felix,
486 2779 519 2827 ut
528 2767 566 2827 sit
575 2767 669 2849 magis
680 2765 744 2848 ipse
757 2766 910 2840 sacerdos,

112 2909 122 2928 1·
193 2861 313 2924 Christe
325 2874 410 2923 tuum
423 2859 592 2943 templum,
606 2861 658 2940 qui
672 2861 727 2923 tibi
742 2860 857 2942 templa
869 2857 963 2920 dedit.

215 3003 268 3054 vt.
291 3003 334 3053 IN
357 2998 535 3054 LAUDEM
556 2999 727 3053 FELICIS
750 2998 969 3054 Ertscort.

154 3115 291 3208 lutttxtr
304 3135 409 3198 festiva
420 3132 501 3211 dies,
516 3153 566 3195 me
577 3134 684 3226 gaudia
698 3147 826 3220 cogunt,
