2222 3852
295 255 534 310 rennerunt
558 257 683 312 menn
704 261 753 312 vr.
889 254 947 338 ²57

106 355 211 440 Maius
222 355 318 418 adhuc
330 355 420 418 debet
431 354 483 436 qui
495 354 551 415 tibi
563 375 670 439 magna
682 357 772 420 dedit.

68 450 153 516 Cum
164 448 266 512 tamen
277 450 336 512 hoc
348 448 456 524 vellet,
470 448 563 510 timor
576 449 691 511 obstitit
704 451 828 512 extimus
839 451 908 532 itte,
973 439 977 448 ’

110 544 177 626 Qui
190 543 314 608 cumulo
324 543 436 624 rapidae
447 563 536 604 mons
546 541 649 604 fremit
662 543 746 607 albus
756 565 848 626 aquoe.

66 640 211 703 Dulcedo
224 638 329 700 invitat
341 636 437 700 civilis
448 650 478 698 et
488 638 568 698 unda
580 651 744 721 repugnat,

111 732 168 795 Sic
178 743 265 796 vocat
276 743 363 811 atque
376 743 471 807 vetat,
484 731 556 794 hine
566 751 653 792 amor
666 733 737 794 inde
747 752 851 814 pavor.

68 828 168 892 Plane
179 827 239 889 hoc
252 827 333 906 qnod
342 836 477 906 superest
489 825 583 888 solvat
595 824 643 888 vel
656 825 783 906 epistola
794 849 930 907 currens,

111 921 231 982 Littera
243 921 323 1000 quod
336 919 447 980 faceret
457 920 562 980 reddat
573 939 677 980 amore
689 920 795 984 vicem.

68 1016 210 1080 Maxime
219 1035 300 1076 nunc
310 1013 399 1095 igitur
410 1025 439 1073 te
451 1012 545 1074 dulcis
557 1013 653 1074 amice
666 1012 778 1090 saluto,

112 1109 250 1191 Sperans
263 1128 281 1168 a
294 1107 419 1168 domino
433 1119 462 1167 te
473 1099 627 1188 superesse
638 1107 699 1168 diu.

76 1203 220 1282 Cumque
234 1203 345 1276 ἆοιῐιο,
359 1200 467 1276 sociis,
483 1201 632 1277 antistite,
646 1202 789 1284 conjuge,
801 1202 895 1282 natis,

115 1296 199 1358 Vive
210 1315 312 1358 comes
326 1293 375 1357 eui
388 1305 455 1355 sunt
465 1296 530 1377 jura
542 1295 671 1378 regende
683 1294 776 1356 ducis.

74 1390 222 1456 Pontifici
233 1409 352 1451 summo
365 1390 563 1450 commender
574 1389 679 1471 opime
688 1401 826 1469 precatu,

119 1484 175 1549 Sic
184 1498 235 1547 tua
245 1504 314 1566 pars
326 1483 443 1546 meritis
454 1482 492 1543 sit
505 1483 573 1543 data
584 1483 685 1553 dextra
696 1481 785 1563 polis.

79 1581 114 1645 Si
128 1591 265 1662 superest
275 1577 388 1658 aliquid
400 1577 481 1658 quo'd
493 1576 570 1638 forte
583 1577 694 1638 tributa
707 1577 889 1651 redundent,

122 1675 192 1758 Qui
202 1674 294 1738 modo
306 1673 393 1737 mitto
406 1671 524 1756 apices,
538 1683 568 1734 te
581 1691 654 1758 rogo
667 1668 752 1732 mitte
765 1669 858 1752 pices.
