2222 3852
286 328 523 386 POEMA'rtJM
545 329 670 383 LIBER
687 331 721 386 V.
897 308 956 368 205

71 429 143 512 Qui
152 423 366 510 quadripartiti
378 425 482 486 mundi
495 424 549 485 snlt
562 424 696 504 partibus
708 425 836 510 amplis,

118 521 332 586 chtidcante
345 519 403 580 fide
417 517 531 580 semina
542 517 637 577 laudis
650 519 748 580 habet.

75 617 161 680 Hinc
173 616 224 678 cui
236 613 405 687 harbaries,
421 611 505 673 illinc
519 609 671 672 Romania
684 611 813 694 plaudit,

114 711 257 774 Diversis
270 708 376 790 linguis
389 706 450 766 laus
463 718 548 767 sonat
560 725 619 767 nna
632 706 700 768 viri.

77 808 178 890 Dilige
192 814 370 886 regnantem
383 799 461 863 celsa
475 797 607 858 Parisios
620 819 705 875 arce,

117 900 158 962 Et
171 897 240 962 cole
256 906 386 955 tutorem
402 893 454 971 qui
466 891 522 952 tibi
535 892 649 972 praebet
663 912 772 973 opemt

77 993 171 1056 {lune
183 991 280 1052 modo
293 988 358 1048 laeta
371 986 472 1048 favens
483 985 576 1046 avidis
587 985 769 1067 amplectere
783 984 907 1067 palmis,

119 1087 185 1168 Qui
198 1089 266 1169 jure
280 1095 322 1143 est
335 1080 490 1155 dominus,
505 1081 557 1140 sed
569 1079 680 1162 pietate
693 1093 787 1161 pater.

80 1182 128 1244 De
143 1178 344 1244 Childeberto
358 1186 473 1236 veteres
486 1192 645 1254 compesce
659 1172 799 1250 dolores,

118 1274 187 1336 Rex
201 1271 336 1353 placidus
350 1267 439 1330 rediit
451 1266 502 1347 qui
515 1278 564 1327 tua
577 1277 646 1327 vota
661 1264 751 1325 fovet.

78 1369 134 1432 llle
148 1368 208 1429 luit
220 1365 319 1440 mitis,
334 1363 470 1444 sapiens,
484 1361 600 1434 bonus,
614 1358 755 1418 omnibns
767 1377 885 1437 requos,

119 1462 198 1524 Non
211 1459 319 1524 cecidit
333 1469 471 1538 patruus,
487 1455 559 1514 dum
572 1465 629 1513 stat
639 1451 672 1511 in
686 1450 759 1512 urbe
772 1471 879 1531 nepos.

82 1557 199 1640 Dignus
209 1567 274 1616 erat
285 1553 379 1612 haeres
394 1552 455 1630 ejus
468 1547 525 1609 sibi
540 1565 658 1607 sumere
670 1565 812 1628 regnum,

126 1651 190 1732 Qui
205 1669 270 1710 non
283 1659 326 1708 est
335 1645 390 1705 illo
402 1642 488 1704 laude
501 1641 643 1720 loquente
657 1638 767 1698 minor.

81 1745 282 1810 charibertus
295 1742 392 1815 adest,
404 1737 455 1818 qui
468 1733 590 1817 publica
602 1736 667 1816 jura
677 1733 862 1815 gubernans,

120 1839 281 1920 Tempore
293 1833 433 1918 praesenti
445 1831 551 1915 gaudia
564 1830 662 1912 prisca
675 1828 776 1889 refert.

80 1936 119 1996 ln
133 1947 251 1996 tantum
263 1944 369 2012 patruo
382 1949 413 1988 se
428 1924 563 2007 prodidit
576 1943 638 1984 esse
651 1942 828 2001 sequacem,

123 2027 172 2089 Ut
186 2027 279 2086 modo
290 2024 328 2083 sit
340 2034 422 2083 tutor
434 2017 568 2100 conjugis
580 2017 633 2076 iste
646 2035 750 2097 nepos.

79 2123 150 2205 Qui
165 2116 355 2183 Childeberti
368 2113 500 2175 retinens
513 2109 670 2172 dulcedine
683 2128 814 2184 nornen,

80 2205 82 2210 ’
124 2215 203 2298 EJus
214 2225 352 2273 natarum
364 2220 406 2270 est
419 2207 510 2267 irater
524 2204 629 2286 etipse
644 2215 737 2283 pater.

85 2310 165 2391 Quae
178 2309 257 2369 hene
271 2305 398 2366 defensae
410 2298 520 2382 placito
533 2296 742 2358 moderamine
755 2293 849 2375 regis,

124 2404 165 2464 ln
177 2399 360 2463 consobrino
373 2416 459 2478 spem
472 2389 615 2476 genitoris
626 2388 746 2450 habent.

82 2497 222 2560 Maxima
234 2492 393 2577 progenies
405 2505 548 2572 generosa
561 2485 627 2545 luce
641 2501 816 2557 coruscans,

130 2588 225 2673 Cujus
237 2589 274 2648 ab
285 2584 405 2648 excelsis
419 2581 513 2665 gloria
525 2579 618 2642 currit
628 2577 699 2640 avis.

82 2683 171 2748 Nam
178 2675 609 2763 quoscunquevelimveterum
616 2689 787 2733 memorare
798 2679 969 2754 parentum,

128 2775 241 2858 Stirpis
253 2771 426 2834 honorificae
436 2769 533 2853 regius
546 2766 622 2826 ordo
634 2763 708 2825 lluit.

84 2870 185 2954 Cujus
197 2867 276 2931 celsa
287 2866 360 2926 tides
373 2863 471 2925 eduxit
483 2863 520 2922 ad
536 2871 612 2920 astra
624 2877 784 2934 cacumen,

126 2963 230 3042 Atque
243 2978 333 3040 super
344 2969 445 3040 gentes
458 2952 558 3014 intulit
571 2951 623 3011 illa
635 2952 736 3033 pedes.

84 3055 203 3120 Hostes
215 3051 339 3115 calcavit
349 3050 498 3124 tumidos,
515 3045 607 3107 erexit
618 3043 749 3106 amieos:

127 3149 222 3212 Fovit
235 3146 400 3229 subiectos,
414 3141 520 3205 terruit
532 3152 619 3218 atque
632 3136 722 3198 leros.

762 3225 798 3286 18
