2222 3844
125 325 166 389 58
376 345 411 398 v.
443 345 478 398 n.
508 343 753 398 sonandam

97 447 100 451 '
123 433 274 518 Sanguine
288 447 431 498 concreto
444 434 559 496 stillans
572 435 653 496 velut
666 433 760 495 ubere
774 452 883 515 caprae.

123 527 258 612 Turgida
268 529 354 613 plaga
368 551 476 592 necem
490 529 607 591 vomuit
618 531 655 591 de
669 529 793 592 vulnere
806 529 910 609 lilans,

125 621 311 686 Concretam
323 624 438 687 saniem
452 643 530 686 rena
540 623 665 685 saliente
677 623 823 685 relaxans.

123 716 225 779 Ellert
239 719 321 780 virus
335 719 416 780 iners
430 717 610 780 refluentem
623 738 712 780 carne
724 716 893 798 liquorem,

126 811 168 873 Et
181 815 249 875 data
260 813 433 875 lethiferum
446 825 569 876 revocat
580 824 663 874 retro
675 813 772 873 fistula
787 811 904 889 rivum,

125 905 321 990 Expugnante
335 908 394 970 fide
408 929 526 970 morsus
538 909 601 970 vim
614 908 747 989 perdidit
759 907 862 991 anguis
877 931 885 967 z

129 997 171 1060 Et
184 1002 254 1083 quia
267 1022 330 1062 non
344 1002 515 1084 perimunt,
528 1003 687 1084 perierunt
698 1022 782 1063 arma
796 1001 916 1063 veneni.

127 1094 193 1156 Stat
205 1118 281 1179 puer
295 1096 477 1173 incolumis,
491 1110 628 1158 remanet
641 1118 741 1177 neque
754 1096 854 1180 pallor
866 1096 897 1156 in
910 1116 986 1172 ore,

127 1189 259 1252 Miratur
272 1191 436 1267 famulum,
453 1192 594 1252 dominus
605 1204 705 1274 stupet
715 1204 744 1252 et
757 1193 867 1252 domus
880 1191 1006 1267 omnis,

128 1283 262 1348 Currere
273 1287 413 1362 servitio,
428 1308 519 1368 quem
534 1289 670 1349 crederet
681 1287 726 1348 ire
741 1286 911 1368 sepulchro.

129 1379 214 1442 Hinc
227 1381 295 1462 pins
310 1380 432 1442 antistes
444 1379 512 1444 loca
525 1381 641 1464 singula
652 1402 740 1442 more
754 1381 928 1461 requirens,

130 1473 281 1556 Hispidus
295 1475 428 1538 occurrit
440 1475 541 1536 rhedae
555 1475 664 1537 fiscalis
676 1475 807 1551 amictu,

134 1567 208 1648 Quo
219 1571 371 1651 jumenta,
385 1569 463 1631 sacri
476 1568 549 1630 dum
563 1569 656 1651 pallia
672 1569 803 1652 pendula
818 1581 965 1646 cernunt,

47 1650 50 1664 ’
130 1661 264 1724 Fervida
272 1663 454 1725 subductum
468 1683 597 1745 rapuere
610 1684 666 1745 per
678 1663 760 1726 invia
771 1685 903 1726 currum.

129 1755 275 1819 Dimissis
288 1757 390 1840 auriga
404 1758 496 1834 rotis,
513 1771 543 1819 et
560 1757 648 1821 miles
661 1758 804 1834 habenis,

133 1850 304 1914 Martinam
318 1850 417 1935 llagris
431 1865 461 1914 et
473 1854 600 1917 fustibus
613 1868 698 1939 urget
711 1854 839 1934 iniquis,

134 1945 196 2008 Sed
210 1950 247 2008 de
261 1948 341 2010 oaede
354 1948 412 2009 viri
427 1951 537 2031 pecudi
549 1952 636 2012 datur
648 1949 724 2011 ultio
738 1949 849 2025 tristis,

132 2040 204 2124 Ipse
217 2055 319 2102 tamen
331 2042 448 2124 patiens
460 2044 628 2126 jaculorum
640 2045 786 2128 grandine
800 2063 935 2126 pressus,

132 2135 234 2216 Atque
247 2136 450 2221 flagellantum
462 2140 535 2200 dum
549 2139 750 2202 debacchatur
761 2135 896 2224 Erinnys

134 2228 273 2293 Vulnera
286 2231 369 2294 nulla
383 2234 476 2294 refert
489 2233 646 2310 manibus,
662 2255 720 2296 nec
731 2234 770 2295 ab
783 2254 838 2296 ore
850 2253 999 2296 susurros.

136 2323 223 2389 Hinc
233 2326 350 2410 gravius
363 2329 476 2391 cruciat
491 2329 656 2390 caedentem
670 2328 812 2412 ignobilis
824 2328 880 2389 ira.

136 2419 201 2485 llic
215 2423 284 2501 quia
296 2424 367 2484 dum
381 2423 507 2500 tolerat,
523 2444 553 2485 se
567 2423 689 2485 irrideri
704 2435 789 2505 putat
802 2422 896 2500 alter,

135 2514 178 2577 Et
191 2518 286 2601 magis
297 2518 349 2580 ille
364 2519 454 2596 furit,
469 2519 542 2583 dnm
556 2518 681 2579 sustinet
694 2519 749 2579 iste
761 2517 902 2580 libenter.

134 2609 255 2672 Interea
269 2614 306 2674 ad
320 2614 445 2674 rhedam
459 2613 585 2673 redeunt
598 2626 748 2695 grassante
762 2610 896 2692 querela.

135 2703 222 2766 Dum
236 2707 322 2767 satiat
334 2706 466 2770 vindicta
479 2706 593 2767 samem
607 2706 795 2791 lymphatilis
809 2705 878 2780 irae,

136 2796 240 2860 Mulas
252 2801 296 2861 ire
310 2814 435 2862 movent
447 2820 507 2882 qna
518 2800 660 2883 publicus
674 2802 799 2865 advocat
811 2818 913 2882 agger,

136 2891 224 2956 Voce
238 2907 381 2976 premunt
395 2908 424 2957 et
438 2895 514 2958 suste
526 2895 631 2957 dolant
645 2894 838 2975 lacerantque
850 2891 978 2976 llagello.

140 2984 202 3048 Sed
215 3009 312 3069 neque
327 2991 491 3074 compulsae
507 2990 628 3073 rapiunt
640 2991 709 3073 juga
721 2990 787 3049 lora
801 2989 968 3070 quadrigae,

138 3080 214 3143 Fixa
227 3098 368 3162 manent,
383 3107 440 3148 nec
450 3085 526 3147 fessa
537 3096 663 3145 movent
675 3083 757 3145 velut
769 3100 847 3144 aerea
857 3081 957 3166 signa,

142 3173 210 3239 Ceu
223 3177 382 3261 liquefacta
394 3185 475 3246 novo
487 3202 519 3243 se
531 3178 645 3264 glutine
657 3189 738 3242 terra
751 3176 884 3262 ligasset,
