2230 3838
259 326 502 382 nonnarum
525 325 661 380 sinen
686 329 752 383 ιιι.
895 316 954 380 153
1008 333 1011 342 ¹

103 419 203 484 Mons
215 421 246 481 in
258 419 336 482 valle
349 419 448 492 sedet,
462 415 547 478 vallis
559 419 597 478 ad
610 417 670 479 alta
682 418 771 481 subit.

60 516 139 598 Quo
153 517 211 577 suit
223 516 303 576 unda
316 511 417 596 fugax,
431 511 524 572 crevit
535 511 621 595 pigro
636 513 724 575 obice
736 527 833 593 terra,

104 610 147 670 Et
159 631 221 690 quo
232 628 325 691 prora
337 607 439 688 prius,
455 604 512 667 hue
525 606 618 666 modo
632 607 764 688 plaustra
776 625 889 675 meant.

65 701 207 768 Collibus
219 703 350 766 adversis
362 700 450 762 flexas
461 721 552 782 super
565 701 681 764 invehis
694 707 806 783 undas,

107 796 148 859 Et
156 797 281 860 fluvium
294 794 426 858 docilem
440 807 544 855 monte
556 807 674 859 vetante
686 800 788 861 trahis.

65 891 137 974 Qua
149 893 272 975 rapidus
284 888 407 966 flueret,
421 890 546 952 veniens
559 890 640 952 celer
651 894 748 956 amuis
761 895 902 974 adhaesit,

101 983 145 1047 Et
157 987 277 1062 subito,
290 997 362 1045 nato
376 983 470 1060 colle,
485 984 608 1044 retorsit
620 986 687 1047 iter.

63 1079 142 1161 Quae
155 1081 241 1164 prius
255 1081 286 1141 in
298 1099 450 1161 praeceps,
464 1078 555 1140 veluti
569 1079 634 1141 sine
648 1081 749 1164 fruge,
766 1083 918 1165 rigabant,

102 1173 153 1237 Au
163 1176 280 1238 vietum
293 1173 392 1257 plebis
404 1193 485 1234 nune
498 1172 680 1236 famulantur
692 1195 785 1255 aquae.

58 1269 165 1331 Altera
179 1271 217 1331 de
229 1269 320 1332 lluvio
334 1268 459 1330 metitur
469 1288 551 1351 seges
562 1282 628 1330 orta
641 1270 776 1332 virorum
783 1272 800 1347 ,¹

102 1361 187 1426 Cum
199 1386 257 1447 per
269 1377 299 1426 te
309 1363 427 1447 populo
440 1363 569 1444 parturit
581 1364 662 1424 unda
678 1365 791 1427 cibum.

59 1456 207 1537 Qualiter
219 1460 351 1520 incertos
363 1456 523 1518 hominum
536 1457 594 1519 seis
606 1457 727 1521 flectere
740 1471 855 1536 motus,

105 1550 170 1631 Qui
182 1553 306 1639 rapidos
319 1553 417 1612 sontes
431 1552 468 1610 ad
482 1564 533 1610 tua
545 1550 637 1613 fraena
652 1553 739 1636 regis.

65 1642 131 1706 Stet
142 1647 208 1708 sine
220 1647 289 1707 labe
302 1645 375 1721 tibi,
391 1643 495 1720 Felix,
511 1644 563 1724 pia
575 1645 636 1706 vita
649 1667 705 1728 per
717 1667 831 1724 sevum,

29 1795 52 1816 .,
103 1739 201 1828 Cujus
213 1742 252 1803 ad
263 1740 428 1821 imperium
440 1738 591 1800 transtulit
602 1741 683 1800 unda
694 1739 806 1804 locum.

87 1952 135 2004 tx.
151 1949 203 2003 AD
219 1947 399 2002 NICETIUM
415 1944 683 2000 TREVERENSEM
707 1946 924 2002 EPISCOPUM.

58 2103 241 2188 Sennunon
254 2140 329 2201 apex
341 2119 411 2182 fidei
423 2117 596 2182 venerabile
610 2131 712 2181 mente
726 2118 849 2198 Niceti,

100 2215 211 2278 Totius
224 2215 306 2276 orbis
319 2234 423 2290 amor,
437 2212 675 2296 pontificumque
689 2227 788 2295 caput.

62 2309 209 2372 Summus
222 2308 390 2390 apostolico
402 2306 579 2389 praecellens
592 2319 694 2388 pastor
707 2307 799 2383 ovili,

103 2403 219 2466 Auxisti
229 2403 347 2465 meritis
358 2401 500 2483 quicquid
511 2402 637 2463 honoris
649 2403 752 2464 habes.

53 2499 178 2560 Divino
192 2497 330 2558 insistens
343 2496 431 2577 operi
443 2508 566 2556 terrena
578 2495 741 2575 relinquis,

101 2589 165 2654 Cui
177 2590 307 2650 moritur
319 2590 464 2664 mundus,
477 2609 540 2650 non
551 2589 700 2650 moriture
714 2609 825 2650 manes.

53 2685 133 2752 viu
143 2685 246 2747 brevis
257 2683 387 2759 cunctis,
399 2684 452 2745 sed
465 2704 527 2744 non
540 2682 641 2746 brevis
653 2683 704 2766 illa
717 2684 828 2746 beatis:
843 2731 845 2738 .

101 2779 188 2841 Cum
200 2780 282 2840 bona
294 2799 356 2840 non
369 2791 513 2860 pereant,
527 2779 593 2859 jure
607 2779 749 2859 perennis
762 2778 830 2840 eris.

54 2875 146 2937 Dum
161 2873 219 2934 tibi
234 2872 385 2935 restrictus
397 2893 520 2934 maneas
535 2886 565 2933 et
579 2870 676 2956 largus
688 2874 804 2956 egenis,

99 2967 200 3046 Quod
212 2967 286 3029 facis
299 2968 331 3028 in
345 2968 496 3044 minimis,
511 2981 540 3029 te
554 2969 624 3028 dare
638 2969 727 3029 erede
739 2967 821 3028 Deo.

55 3061 211 3145 captivus
225 3063 395 3143 quicunque
409 3063 488 3124 redit
499 3082 552 3124 sua
565 3061 681 3123 lumina
692 3081 834 3136 cernens,

97 3157 159 3222 Ille
171 3156 265 3221 Lares
276 3158 406 3240 patrios,
420 3171 453 3220 tu
465 3157 547 3242 capis
560 3158 630 3220 inde
641 3155 739 3239 polos
