2230 3838
286 357 532 412 POEMATUM
555 358 687 411 LIBER
710 356 763 412 tv.
904 342 961 428 187

111 449 159 510 Ut
169 448 294 532 populis
306 464 449 534 generent
462 452 575 513 viscera
583 465 684 514 saneta
696 450 797 512 fidem.

69 541 171 626 Supra
182 542 397 606 candelabrum
412 546 502 627 positi
515 567 645 624 quorum
662 566 714 606 ore
729 565 874 620 commo,

109 637 275 722 Dogmatis
290 639 358 722 igne
369 640 483 701 micans
498 640 595 702 luceat
606 639 686 700 alma
703 641 821 700 domus.

70 728 114 791 Et
124 732 206 792 velut
219 744 264 792 est
278 731 380 793 oculus
393 733 498 814 capitis
516 734 567 813 qui
581 733 681 817 dirigit
694 746 792 809 artus,

116 822 166 888 Sic
178 820 230 906 pia
244 826 371 907 pastoris
382 848 455 888 cura
465 829 610 912 gubernet
625 849 708 891 oves.

69 915 199 980 Pectora
211 920 391 1001 pontificum
404 921 500 982 ditans
513 923 621 983 virtute
632 941 779 1004 superna,

107 1013 160 1074 Tu
173 1013 263 1074 Deus
276 1015 487 1096 omnipotens,
504 1037 641 1092 summe,
654 1015 797 1098 perennis
808 1033 892 1098 apex.

74 1107 204 1192 Spiritus
218 1107 300 1170 alme
314 1111 390 1172 sacri
403 1108 491 1171 labiis
505 1110 618 1170 inlusus
631 1109 732 1185 Aviti,

113 1201 174 1264 Per
185 1202 335 1262 famulum
349 1203 482 1283 loqueris
496 1217 608 1266 crescat
622 1215 654 1265 ut
668 1203 743 1263 ordo
754 1201 846 1286 gregi.

75 1296 138 1376 Qui
151 1318 216 1358 non
230 1309 386 1360 contentus
400 1319 526 1358 numero
539 1320 628 1378 quem
639 1297 755 1378 accepit
767 1297 805 1357 ab
818 1295 894 1370 illo,

109 1391 244 1454 Villieus
255 1392 294 1452 ad
305 1392 463 1453 dominum
476 1393 567 1474 dupla
580 1393 691 1453 talenta
701 1390 802 1452 refert.

70 1485 165 1548 Plebs
179 1486 319 1550 Arverna
332 1488 444 1548 etenim
457 1488 557 1549 subito
570 1487 690 1548 discissa
701 1482 850 1563 tumultu,

112 1579 198 1642 Urbe
213 1601 425 1656 mammona,
440 1602 503 1643 non
515 1594 578 1641 erat
590 1600 648 1641 una
662 1581 731 1640 fide.

73 1671 261 1737 Christicolis
274 1673 400 1736 Judaeus.
409 1677 490 1736 odor·
496 1675 646 1736 residebat
659 1693 801 1750 amarus,

108 1767 323 1848 Obstabatque
335 1770 394 1851 piis
407 1770 505 1850 impia
515 1770 602 1830 turba
615 1769 715 1831 sacris.

8 1929 10 1942 Ι
68 1860 226 1924 Extollens
238 1865 336 1928 cervix
350 1866 467 1926 domini
479 1867 548 1948 juga
560 1865 639 1926 serre
654 1885 811 1942 recusans,

8 1961 10 2012 }
110 1955 162 2020 sie
175 1958 300 2018 tumidis
312 1959 421 2020 animis
434 1972 529 2044 turget
542 1960 632 2020 inane
650 1960 734 2022 cutis.

70 2049 157 2131 Quos
171 2052 204 2113 in
219 2072 323 2114 amore
336 2052 399 2114 Dei
409 2054 577 2114 monitabat
588 2075 666 2136 saepe
680 2053 852 2128 sacerdosf

106 2145 154 2206 Ut
169 2148 208 2207 de
223 2147 375 2209 conversis
388 2148 445 2209 iret
456 2149 494 2207 ad
507 2160 586 2208 astra
597 2168 689 2232 seges.

71 2237 127 2301 Sed
141 2240 300 2323 caliginosi
313 2243 458 2304 recubans
471 2241 628 2303 velaminis
643 2242 750 2303 umbra
756 2285 769 2315 ,-

106 2332 239 2397 Peetora
250 2348 325 2396 tetra
338 2356 480 2416 premens
493 2356 617 2397 eernere
632 2335 711 2398 clara
723 2346 810 2396 vetat.

64 2426 202 2490 Venerat
216 2450 287 2513 ergo
301 2430 382 2507 dies,
398 2431 538 2491 dominus
552 2450 609 2510 qua
623 2442 666 2490 est
681 2429 813 2490 redditus
826 2426 936 2504 astris,

108 2522 154 2585 Ac
163 2524 259 2584 bomo
272 2526 433 2610 sydereum
446 2524 594 2606 pendulus
606 2523 657 2586 ivit
673 2523 741 2584 iter.

64 2614 159 2678 Plebs
172 2631 308 2680 armante
322 2619 380 2680 lide
394 2619 523 2682 Judaica
535 2617 648 2699 templa
661 2616 796 2692 revellit,
886 2637 890 2652 ¹

110 2709 154 2770 Et
168 2731 294 2793 campus
306 2713 402 2794 patuit
415 2734 476 2793 quo
489 2733 636 2798 synagoga
646 2712 715 2774 snit.

63 2801 226 2886 Tempore·
237 2826 298 2885 quo
313 2804 426 2869 Christi
439 2807 592 2889 repedavit
605 2807 641 2866 ad
657 2804 715 2866 alta
728 2818 877 2889 potestas,

105 2896 164 2958 llle
178 2900 261 2978 quod
273 2902 424 2978 aseendit,
439 2923 487 2962 res
501 2900 625 2962 inimica
637 2901 706 2961 ruit.

63 2988 127 3054 llic
138 3004 241 3052 tamen
253 2994 373 3054 antistes
387 2993 507 3080 llloysei
520 2994 583 3078 lege
599 2994 743 3070 rebelles,

104 3083 283 3164 Alloquitur
295 3086 421 3164 blande,
436 3110 510 3170 quos
523 3089 611 3149 dabat
623 3089 669 3150 ira
680 3102 788 3150 truces.

63 3175 153 3262 Quid
165 3179 240 3243 sacis
253 3201 273 3244 o
285 3181 395 3246 Judaea
405 3183 533 3263 cohors,
547 3203 605 3247 nee
616 3184 706 3247 docta
716 3181 866 3277 uetustas?
