2222 3844
200 318 253 400 V.
295 315 351 400 ll.
392 316 789 405 FORTUNATI

384 570 455 645 DE
493 570 633 650 VITA

179 821 454 934 SANCTI
502 825 826 934 MARTINI

331 1132 671 1203 PROOEMIUM

65 1339 194 1432 Nalm
208 1371 291 1432 rudis
303 1371 419 1434 tumido
433 1394 501 1435 curn
514 1372 577 1434 vult
588 1375 659 1433 dare
671 1372 736 1434 vela
745 1369 896 1454 profundo
907 1409 916 1458 y

104 1467 207 1546 Atque
220 1465 404 1547 procellosas
416 1467 533 1528 nescius
547 1467 638 1526 intrat
650 1486 749 1546 aquas.

60 1559 237 1623 Raucisonn
251 1559 375 1621 latrante
386 1559 449 1620 salo
463 1581 532 1621 cum
547 1562 709 1642 perstrepit
722 1579 844 1643 aequor,

105 1653 148 1714 Et
158 1673 231 1737 vaga
242 1654 374 1715 terrifico
387 1667 556 1726 murmurat
569 1655 648 1714 unda
663 1655 763 1731 freto,

63 1745 201 1809 Exiliens
214 1748 334 1831 pelagus
347 1747 439 1810 colles
453 1747 504 1808 ubi
518 1748 611 1810 volvit
623 1768 769 1829 aquosos,

107 1841 262 1922 Planaque
276 1844 364 1903 dorsa
378 1842 470 1902 maris
483 1841 597 1903 mobile
610 1861 684 1924 rupe
697 1851 833 1916 tument‚·

64 1936 224 2019 Naufragii
238 1936 373 1999 cumulos
382 1937 502 2017 rapiens
515 1957 570 2017 per
584 1937 724 2020 confraga
736 1949 846 2019 pontus

107 2029 181 2110 Qua
196 2031 321 2112 crepitat
333 2029 457 2091 rubidus
471 2043 574 2092 monte
588 2044 707 2092 natante
721 2031 841 2110 liquor,

69 2123 218 2188 Certatim
235 2123 416 2205 implicitam
429 2123 565 2203 quatiunt
579 2127 652 2186 vada
670 2125 777 2187 caerula
790 2124 947 2210 cymbam,

107 2216 190 2280 Cum
201 2217 307 2296 liquidi
320 2217 421 2297 campi
434 2217 550 2298 pensile
561 2219 668 2278 transit
680 2219 739 2279 iter
750 2241 758 2290 3

71 2310 100 2372 Si
114 2313 178 2374 sera
191 2323 302 2374 crescat
314 2312 420 2396 hyems
433 2323 465 2372 ut
478 2313 592 2393 spumis
605 2312 743 2374 verberet
754 2331 859 2388 auras,

106 2406 147 2468 Et
160 2426 245 2467 mare
259 2405 419 2468 caeruleum
432 2405 517 2466 tollat
530 2407 568 2467 ad
581 2417 659 2466 astra
671 2419 761 2486 caput
774 2429 781 2466 :

68 2499 224 2564 Fluctibus
238 2521 373 2562 excussus
385 2522 442 2582 per
454 2500 558 2561 nubila
570 2500 670 2562 navita
683 2499 795 2578 currit,

106 2595 202 2657 lntrat
215 2609 244 2656 et
258 2595 353 2656 aerias
365 2594 497 2676 pendula
507 2614 599 2676 prora
611 2593 683 2655 vias.

69 2687 139 2751 Pars
152 2689 233 2750 subit
243 2709 302 2750 una
313 2687 402 2764 ratis,
418 2707 487 2770 pars
499 2686 591 2748 altera
603 2688 697 2772 vergit
710 2689 826 2766 arenis,

104 2784 136 2845 N
139 2796 202 2846 utat
216 2796 244 2844 et
257 2784 289 2843 in
303 2783 395 2844 dubio
409 2781 524 2844 lubrica
538 2780 615 2843 libra
627 2782 712 2842 freto.

68 2876 158 2941 Nunc
171 2898 287 2939 sursum
300 2874 459 2958 inspicitur
470 2875 567 2958 pelagi
581 2876 741 2937 furibunda
752 2876 856 2955 ruina,

107 2971 224 3033 Pontus
237 2983 267 3032 et
278 2971 367 3031 iratas
378 2972 507 3052 desuper
520 2983 615 3030 armat
628 2990 726 3051 aquas.

69 3064 157 3129 Nunc
170 3085 289 3146 quoque
301 3063 461 3146 prosiliens
473 3064 595 3148 zephyri
612 3064 766 3149 pelagique
780 3064 901 3148 repulsu

107 3157 678 3224 Fmffimummmmwmmm
