2222 3852
136 348 199 434 ²74
393 356 428 410 v.
454 355 490 408 n.
514 355 767 410 renuuntur

175 455 256 516 Ante
268 453 376 535 quibus
386 451 491 528 caluit,
505 452 612 536 frigida
623 453 762 515 membra
772 465 862 516 tenet.

138 546 294 611 Construit
307 547 458 627 exequias,
473 566 671 629 perversaque
683 560 753 608 vota
765 546 919 619 celebrem

177 641 311 703 Exornat
322 641 472 702 tumulum
483 641 541 702 heu
554 640 713 721 spoliando
724 641 855 702 thorum.

138 733 226 818 Saepe
239 735 375 798 maritale
386 735 497 816 repetit
508 734 679 795 miserando
691 734 900 814 sepulebmm,

179 825 423 910 Contemptaque
434 829 526 889 domo
536 872 546 904 ,
558 829 646 890 {unus
658 847 760 889 amara
772 827 855 889 colit.

136 919 291 985 Incumbit
304 921 419 983 tumulo
430 922 536 984 solatia
547 942 629 985 cassa
640 921 814 1000 requirens,

181 1012 276 1098 Cujus
288 1016 426 1076 membra
438 1016 540 1098 prins,
554 1035 635 1076 nunc
648 1034 739 1095 snper
750 1033 817 1076 ossa
826 1013 953 1097 premit.

136 1108 275 1171 Pletibus
284 1109 402 1192 irriguis
414 1109 551 1192 perituro
565 1107 699 1171 carmine
714 1106 812 1189 luget,

179 1202 310 1266 Funeris
323 1203 468 1282 obsequio
482 1202 598 1262 lumina
610 1199 709 1283 perdit
722 1219 821 1262 amor.

140 1293 229 1380 ¹Quot
241 1297 321 1358 mala
332 1295 459 1379 plebeiae
471 1295 592 1358 veniant
605 1294 671 1373 quis
684 1295 819 1374 pandere
829 1294 946 1376 possit,

182 1389 245 1451 Vir
255 1391 334 1451 hene
348 1390 458 1473 reginae
471 1409 536 1468 quae
549 1387 667 1449 viduata
678 1399 789 1448 manet.

140 1482 219 1546 Non
229 1503 302 1546 vero
316 1482 506 1566 conjuginm,
517 1482 570 1542 sed
582 1479 711 1562 praefero
723 1479 846 1564 virginis
858 1479 981 1556 alvum,

183 1575 277 1657 Quod
291 1577 341 1637 dat
353 1574 517 1658 apostoliea
532 1571 643 1634 Paulus
655 1574 693 1634 ab
705 1592 759 1636 ore
772 1574 854 1636 tuba.

143 1668 261 1753 Inclyta
273 1668 425 1752 virginitas
436 1667 528 1730 eoelos
540 1687 605 1746 quae
618 1668 688 1727 dote
701 1666 845 1743 mereris,

189 1759 270 1823 Cum
282 1760 420 1820 thalamis
434 1756 553 1822 Christi
566 1760 766 1822 consocianda
775 1760 886 1841 places.

143 1853 267 1918 Funera
279 1851 361 1914 nulla
373 1853 488 1935 gemis,
503 1855 567 1917 sine
586 1852 682 1915 limite
694 1854 800 1938 gaudia
811 1853 920 1932 sumis,

186 1946 273 2010 Vivit
285 1967 372 2008 arnor
383 1967 522 2029 semper‚
535 1969 592 2011 nec
605 1948 661 2010 tibi
675 1945 816 2011 Christus
829 1948 904 2010 obit

146 2040 216 2105 Illic
227 2061 316 2125 regna
328 2053 430 2118 tenes,
443 2039 494 2103 hic
506 2040 601 2103 vincis
613 2053 643 2102 et
655 2041 770 2125 integra
781 2039 892 2125 fulges²

194 2134 295 2197 Omni
307 2146 370 2195 tuta
383 2133 452 2196 loeo
465 2133 645 2196 sanctificata
658 2133 740 2194 Deo.

149 2226 229 2292 Haec
240 2228 314 2304 tihi,
329 2247 397 2290 cara
409 2226 498 2303 Deo,
512 2227 630 2288 meritis
642 2227 822 2292 venerabilis
834 2226 954 2312 Agnes,

193 2321 321 2394 Offero;
336 2340 396 2400 qno
410 2320 528 2403 placeas
539 2332 572 2379 tu
585 2320 722 2382 iaciendo
737 2322 836 2397 colas,
898 2306 904 2319 ⁹

148 2413 172 2476 J
174 2415 268 2477 udicis
281 2427 313 2475 ut
325 2415 405 2497 jussu
416 2433 526 2474 munus
537 2413 686 2474 tribuatur
699 2415 853 2494 utrisque,

193 2504 326 2586 Quando
340 2525 453 2567 corona
465 2504 539 2582 tibi,
554 2507 663 2569 dehinc
674 2507 770 2583 mibi,
784 2506 832 2569 vel
845 2505 944 2568 venia.

153 2597 241 2682 Opto
255 2620 311 2680 per
320 2599 376 2660 bos
386 2598 492 2663 fluctus
504 2599 619 2662 animas
630 2612 662 2661 tu
676 2597 796 2662 Christe
810 2599 978 2684 gubernes,

192 2692 312 2753 Arbore
326 2704 354 2751 et
369 2705 498 2754 antenna
511 2692 677 2756 velificante
691 2693 798 2756 crucis.

7 2847 8 2858 ¹
150 2783 197 2846 Ut
211 2797 281 2867 post
294 2805 426 2846 emersos
438 2787 584 2846 mundani
597 2787 719 2870 gurgitis
732 2799 840 2862 aestus,

7 2867 8 2929 i
195 2876 234 2941 ln
247 2889 339 2962 portu
351 2877 419 2940 vitea
431 2899 488 2940 nos
497 2891 548 2940 tna
560 2880 662 2942 dextra
673 2879 761 2944 locet.

224 3031 277 3085 IV.
300 3031 465 3086 VERSUS
486 3031 529 3084 IN
553 3032 725 3085 LAUDEM
747 3031 983 3087 VIRGINUM.

158 3133 265 3218 larus
278 3156 455 3239 apostolicas
468 3153 546 3219 acies
559 3173 716 3236 sacrosque
730 3154 909 3239 prophetas,
