2230 3838
168 294 227 356 152
419 313 452 365 v.
482 313 513 366 u.
542 312 790 368 roaruusrr

162 398 213 478 Ad
227 398 352 460 meliora
365 402 484 462 trahens
496 402 598 485 gentili
612 422 715 463 errore
726 409 878 483 vagantem

203 491 307 553 Bestia
319 515 358 555 ne
372 509 508 577 raperet,
523 497 621 557 munit
635 495 715 558 ovile
727 495 799 555 Dei.

164 586 252 666 Quos
265 588 348 667 prius
361 588 426 651 Eva
438 611 550 651 nocens
561 590 721 664 infecerat,
735 589 790 648 hos
802 587 895 648 morlo
909 583 1024 660 reddit,

204 678 348 742 Ecclesiae
362 697 460 764 pastos
473 684 585 759 ubere,
600 684 694 758 lacte,
709 683 786 743 sinu.

164 771 293 834 Mitibus
304 775 443 855 alloquiis
457 778 598 860 aggrestia
611 778 702 839 corda
715 775 861 852 colendo,

206 865 337 930 Munere
352 869 464 932 Felicis
476 873 513 932 de
528 892 620 953 vepre
634 884 702 931 nata
714 890 804 952 seges.

164 961 281 1045 Aspera
294 984 365 1046 gens
378 983 465 1039 saro,
479 966 580 1025 vivens
597 964 680 1044 qnasi
693 984 778 1024 more
790 962 906 1038 ferino,

205 1053 253 1118 Te
268 1059 450 1134 medicante,
463 1079 561 1134 sacer,
574 1058 675 1130 bellua
694 1057 792 1118 reddit
806 1077 905 1119 ovem.

166 1148 305 1214 Centeno
320 1153 451 1213 reditum
465 1167 564 1215 tecum
579 1154 718 1213 mansura
731 1172 787 1233 per
799 1172 916 1226 aevum,

205 1243 314 1307 Messis
327 1246 507 1308 abundantis
518 1248 628 1307 horrea
642 1247 725 1329 sruge
739 1245 848 1326 reples.

164 1334 363 1402 Immaculata
375 1341 433 1401 tuis
446 1341 532 1422 plebs
545 1341 608 1402 haec
621 1353 754 1402 vectetur
767 1340 798 1399 in
812 1337 910 1415 ulnis,

206 1433 306 1513 Atque
318 1433 389 1495 Deo
403 1457 513 1516 purum
525 1435 632 1518 pignus
644 1435 682 1494 ad
696 1447 772 1494 astra
787 1433 875 1492 feras.

167 1523 239 1588 Una
252 1548 364 1588 corona
376 1529 432 1589 tibi
445 1530 481 1589 de
495 1541 524 1589 te
536 1528 685 1588 tribuatur
701 1527 738 1587 ab
751 1525 832 1602 alto,

209 1620 314 1683 Altera
325 1623 361 1682 de
373 1622 488 1704 populo
502 1634 607 1683 vernet
618 1622 727 1702 adepta
739 1633 801 1680 tuo.

276 1773 362 1825 vttt.
385 1773 437 1823 ΑΙ)
461 1768 649 1825 FELICEM
671 1769 939 1835 EPISCOPUM,

335 1863 395 1902 cun
418 1864 491 1902 anun
512 1864 720 1915 neronQununr
743 1862 880 1901 rcuvrun.

167 1967 312 2052 (leuatur
323 1993 437 2073 antiqui
449 1993 590 2074 quicquid
603 1991 772 2053 meminere
784 2004 900 2073 poetae,

205 2083 377 2146 Vincuntur
391 2088 479 2148 rebus
492 2087 569 2148 facta
583 2099 699 2147 vetusta
712 2085 807 2146 novis.

167 2177 285 2240 Includi
299 2179 405 2242 lluvios
419 2182 444 2242 si
458 2195 529 2243 tunc·
539 2193 699 2262 spectasset
713 2178 889 2255 Homerus,

209 2271 282 2335 lnde
295 2296 382 2336 suum
396 2277 494 2356 potius
508 2275 595 2337 clulce
608 2273 751 2355 replesset
764 2294 850 2354 opus.

171 2363 283 2429 Cuncti
298 2368 435 2432 Felicem
444 2370 578 2453 legerent
590 2370 702 2441 modo»,
717 2367 817 2427 nullus
828 2365 999 2444 Achillem,

211 2461 349 2524 Nomine
363 2465 417 2525 sub
432 2467 514 2546 cujus
528 2474 675 2527 cresceret
690 2461 761 2520 artis
773 2460 881 2521 honor.

172 2552 237 2635 Qui
252 2557 365 2636 probus
376 2557 497 2640 ingenio
510 2571 628 2619 mutans
642 2555 769 2616 meliore
783 2567 899 2630 rotatu,

212 2644 344 2709 Currere
359 2652 456 2731 prisca
471 2652 542 2713 sacis
559 2651 684 2712 llnmina
697 2649 761 2732 lege
775 2668 862 2710 nova.

169 2740 285 2824 Aggere
300 2745 470 2825 composito
484 2765 643 2806 removens
654 2745 684 2803 in
699 2744 810 2825 gurgite
826 2741 962 2824 lapsum,

213 2833 286 2913 Quo
300 2851 404 2898 natura
419 2853 520 2923 negat,
535 2840 615 2922 cogis
628 2838 712 2898 abire
726 2837 815 2897 viam.

171 2926 271 3010 Erigis
282 2929 331 2991 hic
341 2932 469 3010 vallem,
485 2934 613 2994 subdens
625 2933 663 2992 ad
674 2949 804 2991 concava
819 2943 978 3006 montem,

214 3020 255 3082 Et
268 3023 333 3085 vice
347 3047 491 3089 conversa
504 3028 566 3089 haec
580 3038 693 3098 tumet,
708 3025 760 3085 ille
774 3026 859 3105 jacet.

171 3114 258 3178 Alter
271 3117 304 3180 iu
317 3118 437 3184 alterius
451 3121 588 3206 migravit
601 3117 731 3202 imagine
744 3117 894 3197 sormam,
