2222 3852
281 333 526 389 POEMATUM
548 331 677 386 LIBER
702 335 753 388 lv.
908 324 967 410 195

73 429 207 492 Florens
218 428 253 488 in
265 426 386 503 studiis,
401 437 431 487 et
442 445 525 488 sacra
538 424 570 484 in
581 423 646 508 lege
660 424 774 503 fidelis,

118 523 252 607 Semper
266 542 356 608 agens
367 521 476 582 animae
488 521 569 581 dona
581 519 681 580 sutura
691 531 757 580 tuse.

71 618 119 682 Te
132 632 221 702 pater
233 639 305 702 ergo
318 635 445 700 precans
458 626 589 691 terram,
604 613 698 691 freta,
712 615 818 699 sydera
829 627 939 694 testor,

113 711 161 774 Ut
173 712 318 781 relisore
331 731 417 774 sacro
430 731 481 773 me
493 709 668 772 meminisse
681 721 778 771 tuum.

108 866 205 920 xxlx.
223 865 275 918 An
293 863 391 929 EUM,
408 863 480 916 PRO
498 861 610 916 Portus
631 862 677 914 ET
698 861 925 918 ottnrtttotts.

72 983 230 1068 Orrtcns
242 1020 386 1086 generose
399 999 458 1083 piis
470 1019 554 1062 sacer
565 1010 629 1061 arte
644 997 795 1083 Gregori,

113 1097 245 1160 Absenti
261 1115 392 1180 praeseus
404 1114 550 1170 munere,
565 1113 683 1155 summe
696 1107 791 1176 pater.

77 1192 138 1276 Qui
146 1191 228 1254 mihi
238 1190 415 1252 transmittis
427 1189 555 1274 propria
567 1210 637 1252 curn
649 1187 737 1272 prole
749 1200 907 1270 parentes,

113 1286 207 1349 Insita
220 1307 291 1350 eum
304 1285 402 1350 fructu
414 1284 550 1362 surcula,
564 1304 657 1368 poma
669 1283 770 1345 simul.

70 1380 133 1446 Det
147 1381 238 1445 Deus
250 1381 445 1463 omnipotens
456 1379 638 1442 meritorum
650 1379 734 1462 fruge
747 1378 897 1462 repletus,

111 1477 199 1540 Mala
210 1477 292 1562 legas
303 1477 389 1540 avide
402 1497 468 1558 quae
481 1473 637 1558 paradisus
648 1473 747 1536 habet.

76 1621 154 1673 XXX.
163 1619 215 1672 ΔΙ)
227 1618 393 1680 EUNDEM,
402 1617 452 1670 DE
466 1616 790 1670 COMMENDATIONE
798 1615 958 1671 PUELLAE.

72 1731 155 1818 Curi
167 1753 312 1838 graderer
324 1751 448 1814 festinus
462 1753 537 1830 iter,
550 1765 637 1835 pater
650 1754 730 1817 alme
744 1753 897 1840 Gregori,

110 1847 185 1928 Qua
196 1848 388 1931 praecessoris
399 1859 467 1908 sunt
481 1846 532 1928 pia
544 1847 626 1930 signa
638 1847 698 1920 tui;

73 1941 143 2025 Quo
155 1941 254 2004 fertur
266 1940 407 2004 convulsa
419 1943 520 2025 jacens
531 1941 673 2004 radicitus
684 1943 794 2022 arbor,

109 2034 241 2098 Martini
254 2047 321 2097 aute
335 2056 442 2118 preces
453 2034 590 2097 exiluisse
604 2036 709 2098 cornis.

69 2128 147 2213 Quae
157 2129 233 2191 fidei
248 2128 359 2191 merito
369 2150 451 2192 nunc
463 2141 521 2190 stat
531 2132 699 2214 spargendo
715 2129 865 2207 medelas,

109 2223 257 2307 Corpora
267 2223 362 2285 multa
373 2225 516 2299 medens,
528 2223 641 2286 cortice
654 2225 735 2286 nuda
748 2245 882 2288 maneus.

70 2318 210 2381 fletibus
222 2317 308 2380 affuit
318 2318 368 2382 hic
379 2317 499 2402 genitor
509 2317 701 2402 genetrixque
715 2318 834 2401 puella,

106 2412 198 2476 Voce
212 2412 370 2495 implendo
384 2433 471 2475 aures
484 2425 514 2476 et
526 2412 723 2499 lacrymando
734 2434 833 2498 genas.

67 2506 145 2592 Eigo
159 2508 293 2590 pedem,
305 2509 456 2590 suspendo
468 2528 589 2586 aurem,
604 2509 680 2569 mihi
692 2511 834 2593 panditur
846 2530 915 2589 ore,

109 2600 170 2661 Vix
182 2621 239 2685 per
252 2601 395 2687 singultus
408 2604 529 2666 vendita
541 2615 610 2664 nata
623 2623 702 2665 suos.

67 2693 186 2778 Quaero
199 2696 312 2775 adhue,
328 2710 448 2779 questus
460 2697 618 2781 perhibet,
633 2697 718 2760 nullo
734 2699 833 2764 indice
844 2699 943 2784 furto,

106 2791 209 2854 Furto
222 2813 257 2855 ex
269 2792 390 2875 objecto
401 2793 479 2857 haue
491 2807 578 2876 pater
593 2794 638 2855 ire
650 2793 743 2876 jubet.

65 2883 107 2950 Se
118 2885 251 2950 voluisse
264 2888 354 2964 dare,
367 2900 396 2950 et
408 2890 540 2971 jurantes
551 2887 658 2950 ordine
670 2900 777 2964 testes,

105 2979 250 3043 Nomine
264 3002 414 3063 quemque
427 2995 548 3060 teneus,
561 3004 619 3046 uec
630 2983 775 3069 potuisset
786 3001 884 3066 egens.

63 3075 95 3139 N
99 3097 143 3138 on
156 3075 260 3138 aderat
271 3078 376 3160 judex,
391 3091 454 3140 erat
463 3092 617 3142 aecusator
629 3081 791 3163 adurgens,

106 3170 175 3238 Hic
186 3191 243 3258 ego
254 3174 327 3256 quid
338 3174 486 3255 tacerem,
500 3195 589 3259 posse
602 3186 719 3242 vetante
732 3171 840 3238 sacro?
