2230 3838
268 312 507 368 nonnarum
531 310 655 365 LIBER
674 315 730 366 111.
887 312 946 386 143

64 471 111 522 tv.
125 467 175 520 AD
193 467 356 521 FELICEM
375 466 604 526 EPlSCOPUlll,
622 465 672 517 DE
689 465 936 526 DEDlCATIONE

394 569 530 609 acccustffl
545 571 616 610 SUAE·

59 671 143 754 Cuu
159 688 311 758 Salomon
324 689 437 750 coleret
445 690 584 774 generosi
598 690 730 752 encaenia
742 693 865 774 templi,

100 782 286 844 Israeliticos
298 783 369 844 fecit
380 784 481 844 adesse
494 784 584 844 viros.

55 876 196 952 Leritas,
212 894 376 957 proceres,
390 897 519 956 pueros,
533 879 713 959 iuvenesque
726 898 887 959 senesque,

95 969 249 1048 Undique
264 969 401 1030 certatim
414 970 494 1053 regia
505 989 619 1051 pompa
630 971 729 1031 trahit.

54 1064 236 1126 Mactantnr
246 1062 348 1138 rituli,
361 1063 438 1124 tauri
451 1064 618 1147 jugulantur
630 1065 667 1124 ad
681 1084 764 1140 aras,

100 1157 141 1216 Et
154 1155 265 1237 populi
280 1156 311 1216 in
323 1156 400 1218 votis
411 1158 517 1239 gaudia
529 1159 617 1220 caedis
632 1171 725 1218 erant.

57 1252 153 1313 Nunc
164 1269 240 1311 vero
254 1251 377 1332 assurgit
389 1250 450 1310 ritu
461 1250 606 1332 placitura
620 1252 727 1326 beato,

100 1343 262 1423 Tempore
277 1345 423 1404 decurso
413 1345 519 1424 justior
533 1365 584 1406 ara
597 1344 677 1406 Deo

58 1438 218 1520 Prospera
231 1459 296 1517 qnae
309 1437 430 1518 populis
442 1435 530 1498 Felix
541 1439 633 1499 modo
646 1439 720 1498 festa
733 1437 920 1514 ministrans,

103 1531 260 1612 Exuperat
271 1531 361 1591 rebus
372 1544 452 1615 gesta
463 1533 566 1613 priora
579 1532 674 1592 novis.

64 1624 227 1688 Convocat
239 1625 372 1708 egregios
384 1644 470 1687 sacra
479 1627 517 1686 ad
529 1625 675 1686 solemnia
686 1638 805 1707 patres,

104 1717 182 1798 Quo
196 1730 253 1778 stat
266 1738 335 1778 vera
346 1718 441 1794 salus,
456 1732 486 1779 et
497 1719 570 1802 fugit
582 1720 690 1780 umbra
703 1732 796 1781 retus.

58 1812 161 1874 Docti
172 1811 255 1873 clave
268 1809 351 1873 Petri
366 1811 456 1873 coelos
469 1815 587 1896 aperire
601 1814 736 1895 potenti,

107 1905 157 1966 Ac
168 1905 293 1965 monitis
306 1903 392 1966 Pauli
406 1927 529 1969 noscere
542 1906 641 1968 clausa
651 1907 725 1988 poli.

63 2000 119 2062 Ne
131 1999 220 2082 lupus
233 1999 324 2059 intret
335 2020 424 2077 oves,
438 2021 477 2060 ne
490 2002 615 2061 morbus
625 2001 761 2062 vulneret
774 2020 882 2084 agnos,

107 2093 198 2157 Hinc
210 2105 279 2153 sunt
289 2095 441 2168 custodes,
457 2095 526 2155 inde
540 2093 658 2155 medela
670 2094 775 2178 gregis.

62 2189 215 2268 Quorum
228 2207 284 2248 vox
295 2185 423 2248 relluens
437 2189 552 2269 populo
566 2191 602 2249 dc
614 2189 696 2249 fonte
708 2186 826 2262 salutis,

109 2280 159 2341 Ut
169 2281 256 2343 bibat
267 2301 337 2341 aure
350 2281 457 2357 fidem,
472 2283 598 2365 porrigit
610 2303 663 2343 ore
676 2282 780 2342 salem.

64 2377 156 2437 lnter
168 2395 245 2455 qnos
255 2375 372 2436 medios
385 2375 510 2436 Martini
520 2377 590 2437 sede
604 2376 761 2452 sacerdos,

112 2468 310 2550 Euphronius
322 2469 414 2552 fulget
425 2470 621 2552 metropolita
631 2490 723 2532 sacer.

67 2563 224 2626 Plaudens
236 2565 268 2624 in
281 2577 380 2626 sancta
393 2564 518 2624 fratrum
533 2577 659 2626 coeunte
674 2581 803 2638 corona,

112 2655 156 2716 Et
166 2677 221 2718 sua
233 2658 370 2718 membra
383 2658 487 2720 videns
498 2658 608 2718 fortior
619 2669 694 2718 extat
707 2677 790 2738 aper.

66 2750 184 2811 Laetius
197 2750 269 2811 inde
282 2764 388 2834 caput,
403 2752 472 2831 quia
486 2764 553 2812 sunt
564 2772 616 2812 sua
628 2751 742 2812 viscera
754 2771 872 2826 secum,

110 2843 261 2906 Ecclesiae
274 2846 376 2927 juncto
391 2866 519 2927 corpore
534 2845 639 2908 crescit
651 2845 758 2905 honor.

66 2938 289 3015 Domitianus,
304 2940 378 3001 item
391 2938 562 3016 Victorius,
576 2939 667 2999 ambo
681 2938 848 3012 columnae,

113 3029 197 3114 Spes
209 3031 242 3093 in
254 3032 388 3112 utrisque
399 3053 524 3094 manens
537 3052 594 3114 pro
609 3032 739 3115 regionis
752 3053 821 3112 ope.
834 3104 836 3108 Ι

68 3125 253 3188 Domnulus
265 3127 315 3190 hic
325 3127 417 3212 fulget
428 3127 561 3203 meritis,
576 3123 883 3196 Marachariusinde,
