2222 3852
288 368 532 423 Pouuturuur
553 367 687 424 uruun
712 371 767 423 ιν.
912 358 972 443 ¹⁸9

116 461 180 524 Aut
193 459 320 524 admitte
332 480 457 542 preces,
471 471 520 519 aut
533 478 605 542 rogo
619 460 692 521 cede
706 460 785 523 loco.

70 555 129 619 Vis
138 557 189 620 hic
199 555 285 617 nulla
299 555 428 636 premit,
442 553 547 632 quovis
560 564 588 612 te
602 553 708 637 collige
722 555 819 634 liber,

113 650 176 712 Aut
188 671 277 712 meus
289 644 353 711 esto
367 667 492 727 sequax,
506 660 556 708 aut
567 660 634 707 tuus
647 661 711 710 esto
726 649 819 734 fugax.

70 742 178 806 Redde
191 744 304 809 colone
316 743 435 819 locum,
450 754 499 803 tua
512 743 571 804 duc
584 743 720 827 contagia
731 757 849 823 tecum,

113 837 223 900 Antea
237 839 275 899 sit
285 839 388 912 sedes,
402 838 426 898 si
439 850 520 899 tenet
534 857 592 897 uua
605 837 688 900 fides.

67 930 145 996 flac
157 933 212 1015 pia
226 933 320 994 verba
330 932 402 993 viris
414 929 481 992 miti
495 932 577 992 dedit
592 951 645 992 ore
659 935 814 1012 sacerdos,

107 1025 175 1102 Ut,
188 1027 250 1089 sihi
263 1047 324 1107 quo
335 1027 444 1101 libeat,
458 1025 566 1087 semita
577 1026 678 1086 cordis
688 1040 745 1091 eat.

71 1118 124 1182 nu
133 1121 245 1183 Judaea
257 1143 363 1184 manus
376 1119 548 1182 stimulante
562 1119 666 1181 lurore
679 1121 821 1199 rebellis,

114 1211 294 1300 Colligitur,
305 1216 439 1298 rapitur,
457 1214 600 1296 conditur
613 1213 683 1276 inde
697 1217 801 1278 domo.

79 1303 271 1373 Christicolae
282 1324 315 1371 ut
327 1323 453 1373 cernunt
466 1321 538 1370 tunc
549 1309 668 1392 agmina
682 1308 825 1372 lllanzara
837 1311 938 1396 jungi,

108 1400 257 1466 Protinus
271 1405 408 1466 insiliunt
422 1424 480 1485 qua
494 1403 564 1466 latet
578 1403 630 1464 ille
645 1404 741 1466 dolus.

68 1492 105 1556 si
118 1496 288 1560 fremerent
299 1499 421 1583 gladiis,
437 1498 583 1562 sentirent
596 1499 672 1580 justa
684 1500 843 1577 cadentes,

113 1588 247 1654 Vincere
259 1614 320 1674 quo
334 1594 449 1677 possint
464 1606 513 1654 aut
527 1594 611 1653 daret
626 1612 711 1653 arma
724 1593 808 1656 fides.

66 1679 172 1771 legati
186 1702 351 1750 occurrunt
364 1689 423 1749 vati
437 1688 578 1749 mandata
592 1687 739 1749 serentes:

106 1781 141 1843 N
144 1803 180 1843 os
191 1780 301 1842 Judaea
315 1799 421 1841 manns
434 1781 494 1862 jam
509 1792 560 1840 tua
573 1778 657 1841 caula
669 1799 781 1866 sumus.

65 1874 119 1938 Ne
132 1889 278 1959 pereant,
293 1875 414 1956 acquire
427 1874 499 1936 Deo
513 1919 520 1952 ‚
535 1874 587 1954 qui
599 1873 699 1935 vivere
713 1887 856 1954 possunt,

111 1969 145 2032 Si
160 1991 250 2032 mora
262 1971 312 2048 lit,
328 1970 497 2046 morimur,
511 1983 540 2032 et
553 1982 604 2030 tua
617 1968 701 2032 lucra
713 1971 832 2033 cadunt.

67 2063 175 2128 Tende
187 2065 271 2129 celer
284 2085 437 2150 gressum,
456 2085 604 2147 properes
615 2064 675 2126 nisi
686 2077 819 2147 praepete
833 2085 940 2145 cursu,

105 2159 231 2223 Funera
244 2173 385 2222 naturum
398 2173 466 2222 sunt
480 2159 536 2220 tibi
552 2156 651 2220 flenda
662 2170 756 2241 pater.

68 2253 208 2318 Fletibus
219 2255 266 2316 his
279 2256 374 2317 rictus
386 2256 502 2337 rapitur
515 2254 688 2315 miserando
702 2255 859 2332 sacerdos,

108 2349 156 2410 Ut
167 2351 247 2412 ferat
259 2348 378 2412 afflictis
390 2350 446 2410 rite
462 2349 565 2411 salutis
576 2369 679 2430 opem.

66 2440 256 2505 Perveniunt
268 2465 328 2524 quo
343 2444 441 2507 clausa
455 2443 524 2506 loco
540 2443 604 2504 sera
616 2445 705 2505 turba
718 2442 848 2519 latebat,

112 2535 191 2618 Quae
205 2559 367 2601 occurrens
378 2538 536 2624 lacrymis,
551 2537 678 2621 ingemit
691 2559 744 2600 ore
758 2557 874 2621 preces.

66 2630 159 2696 Mens
170 2646 215 2695 est
228 2635 313 2694 tarda
324 2634 399 2696 boni
413 2632 543 2695 Judaica
555 2634 622 2715 jura
634 2633 770 2710 tenenti,

109 2727 228 2791 Lucem
242 2749 311 2790 sero
324 2729 405 2790 videt
419 2740 620 2810 praetereunte
632 2727 691 2788 die.

67 2818 121 2885 Sic
134 2820 232 2885 oculis
243 2823 343 2885 cordis
355 2823 456 2885 velum
468 2834 511 2884 est
523 2822 562 2883 ab
578 2822 692 2905 origine
708 2833 844 2897 tensum,

114 2912 225 2978 Caecus
237 2929 270 2975 ut
283 2916 416 2999 ignoret,
431 2936 491 2996 quo
503 2915 551 2978 via
559 2929 645 2991 ,recta
658 2929 748 2977 meat.

67 3007 130 3072 Sed
142 3012 268 3071 tandem
279 3012 448 3090 sequimur,
463 3023 583 3094 pastor,
598 3031 658 3092 quo
671 3032 750 3092 saepe
763 3008 929 3083 monebas,

109 3103 178 3185 Qui
191 3105 326 3168 saletam
338 3106 417 3169 dulei
431 3127 551 3169 currere
566 3106 646 3190 cogis
658 3125 738 3167 oves.

68 3194 240 3264 Credentes
251 3203 314 3288 jam
327 3203 415 3269 erede
426 3213 495 3266 tuos
504 3222 561 3266 nec
574 3200 678 3266 fallere
692 3201 813 3278 credas,
