2230 3838
289 292 527 346 POEMATUM
550 296 675 350 LIBER
699 301 736 354 11.
897 315 952 377 127

71 386 133 451 Cui
145 407 240 471 genus
250 387 403 469 egregium
414 385 505 469 fulget
517 388 553 448 de
563 389 656 472 stirpe
669 405 846 475 potentum,

113 482 240 543 Addidit
254 492 394 540 ornatum
408 480 455 539 vir
465 483 634 545 venerando
646 482 759 547 Deum.
918 473 922 486 ⁸

73 574 152 654 Quae
163 573 306 636 manibus
319 574 453 655 propriis
466 574 610 637 alimonia
622 578 709 660 digna
722 582 886 664 ministrat,

115 667 306 751 Pauperibus
318 669 453 729 tribuens
464 691 495 730 se
507 671 615 732 satiare
629 674 720 755 cupit.

72 762 224 824 ludefessa
237 762 345 842 inopes
361 759 474 824 Christi
487 784 543 845 per
553 765 668 847 templa
681 770 824 850 requirit:

113 857 234 942 Jugiter
248 876 406 918 excurrens
417 857 454 916 ad
467 856 586 938 pietatis
597 879 682 940 opus.

66 951 103 1013 N
104 954 182 1013 udos
194 963 277 1013 veste
290 950 378 1034 tegit,
393 950 504 1010 sitienti
515 951 626 1032 pocula
635 955 770 1035 profert,

112 1045 154 1107 Se
167 1045 264 1127 magis
274 1056 387 1106 aeterno
398 1043 511 1106 semina
523 1045 606 1107 sonte
620 1048 734 1128 replet:

73 1137 199 1201 Proficit
210 1138 272 1199 hoc
285 1138 396 1212 etiam,
411 1138 553 1217 quicquid
563 1141 640 1223 gerit
649 1141 701 1203 illa
723 1145 853 1207 marito:

114 1231 211 1292 Anxia
224 1251 283 1313 pro
298 1233 380 1312 cujus
392 1244 461 1292 vota
472 1230 564 1294 salute
578 1233 657 1295 facit.

72 1324 144 1386 Dux
155 1326 274 1387 meritis
287 1326 415 1408 ingente
428 1345 480 1385 sua
492 1326 543 1405 qui
556 1325 652 1407 pollet
663 1327 791 1407 opimis,

115 1421 223 1484 Celsus
234 1420 346 1500 ubique
360 1421 474 1482 micans
486 1421 652 1483 nobilitatis
665 1443 735 1503 ope.

75 1512 136 1576 Sed
149 1514 287 1595 quamvis
300 1515 393 1574 altum
404 1527 503 1576 teneat
515 1515 552 1576 de
566 1515 659 1597 stirpe
673 1536 834 1596 cacumen,

115 1607 258 1676 Moribus
271 1608 335 1690 ipse
346 1628 415 1668 suos
428 1607 620 1689 amplificavit
634 1629 714 1671 avos.

70 1701 154 1787 Ergo
167 1704 237 1785 pari
248 1713 320 1764 voto
333 1714 475 1762 maneant
486 1702 518 1762 in
531 1701 629 1764 secula
641 1704 753 1787 juncti,

112 1796 154 1857 Et
167 1798 261 1859 micet
275 1796 422 1857 ambobus
435 1795 635 1858 consolidatus
646 1816 742 1860 amor.

190 1947 262 2000 Vll.
287 1945 343 1999 AD
371 1947 546 2000 CLEBUM
569 1947 842 2001 PARISIACUM.

76 2058 199 2143 Crunos
211 2079 373 2140 honorifici
387 2080 475 2140 decus
489 2090 518 2139 et
530 2078 636 2160 gradus
649 2078 763 2140 ordinis
776 2081 886 2163 ampli,

113 2174 206 2255 Quos
220 2172 289 2235 colo
302 2175 411 2248 corde,
426 2173 501 2249 fide,
515 2171 690 2255 relligione,
703 2186 819 2256 patres3

76 2267 263 2330 Jamdudum
277 2267 364 2329 obliti
376 2269 497 2329 desueto
511 2266 645 2329 carmine
657 2267 781 2347 plectri,

117 2360 237 2446 Cogitis
249 2362 401 2441 antiquam
415 2383 465 2422 me
479 2381 623 2422 renovare
637 2360 744 2446 lyram.

76 2454 124 2518 En
136 2456 266 2538 stupidis
279 2456 377 2539 digitis
389 2455 560 2516 stimulastis
572 2469 692 2538 tangere
705 2455 848 2534 chordas,

118 2548 200 2612 Cum
215 2549 290 2610 mihi
301 2571 363 2610 non
377 2549 467 2610 solitu
480 2561 578 2613 currat
591 2549 623 2608 iu
637 2561 699 2610 arte
714 2569 828 2611 mauus.

78 2640 223 2706 Scabrida
236 2665 316 2707 nnnc
330 2657 450 2705 resonat
463 2664 530 2706 mea
543 2642 643 2727 lingua
656 2643 793 2726 rubigine
806 2647 913 2721 verha;

114 2737 186 2799 Erit
199 2751 231 2798 et
242 2739 399 2820 incompto
413 2759 517 2801 raucus
528 2737 566 2798 ab
580 2758 634 2798 ore
646 2736 755 2820 fragor.

74 2829 135 2893 vix
146 2832 232 2893 dabit
244 2833 276 2893 iu
289 2833 382 2894 veteri
395 2833 544 2916 ferrugine
558 2831 633 2895 cotis
645 2851 791 2910 acumen,

114 2925 176 2987 Aut
189 2926 276 2988 fumo
290 2927 401 2990 iniecto
414 2927 551 3009 splendet
562 2927 595 2986 iu
608 2946 666 2986 aere
680 2925 774 2988 solor.

78 3017 135 3081 Sed
148 3020 220 3102 quia
233 3020 360 3083 dulcedo
371 3021 491 3104 pulsans
504 3021 586 3100 quasi
601 3018 726 3082 malleus
738 3020 841 3097 instat,

113 3112 155 3176 Et
166 3113 251 3178 velut
263 3115 365 3179 incudi
378 3137 448 3181 cura
460 3116 547 3180 relisa
559 3115 637 3178 terit.
