2222 3852
268 329 503 383 rosnarum
526 329 654 384 ernon
674 329 723 382 vr.
874 322 933 398 245

58 430 183 494 Gratius
195 449 266 492 aura
278 428 391 505 fluens,
403 449 494 510 quam
507 429 601 510 spiret
613 448 717 489 aroma
731 425 887 507 Sabaeum,

100 523 261 604 Thuraqoe
274 523 432 587 devincens
444 521 576 583 balsama
588 522 669 605 sylva
683 521 775 582 reflat.

60 615 227 692 Cinnema,
242 617 357 693 caltha,
371 635 490 691 crocus,
505 615 611 689 violae,
627 634 711 690 rosa,
731 615 795 677 lilia
808 617 932 693 cedunt,

99 709 146 770 Ut
156 710 262 771 similis
274 709 372 771 nuilus
384 729 457 769 nare
469 708 589 769 bibatur
603 709 688 768 odor.

60 799 166 882 Quid?
179 805 260 881 qnod
269 815 367 863 morte
378 802 471 884 magis
481 800 573 862 virius
584 811 741 883 generatur
752 801 784 861 in
797 802 872 877 illis,

98 895 244 974 Dumque
253 895 408 976 sepulchra
416 893 664 978 tenentlanguida
672 895 809 955 membra
819 897 937 976 jacent?
1017 967 1022 974 ,

59 987 229 1050 Multorum
244 988 365 1049 dubiam
378 987 506 1048 solidant
519 987 570 1067 pia
582 986 685 1047 funera
697 988 805 1064 vitam,

98 1079 141 1141 Et
152 1081 230 1142 redit
244 1100 260 1141 e
273 1079 389 1140 somnio
403 1079 564 1141 vivificatus
576 1079 680 1140 homo.

60 1173 185 1236 Nobilis
195 1194 269 1234 urna
282 1175 353 1256 tegit
367 1173 497 1253 pretiosa
510 1171 619 1232 talenta
631 1171 794 1249 Tonantis,

100 1266 148 1329 Ac
161 1266 248 1327 terris
260 1266 382 1328 recubat
395 1264 475 1344 qnod
489 1284 579 1344 super
590 1277 669 1324 astra
679 1264 768 1326 volat.

64 1359 126 1440 Qui
139 1360 194 1420 snb
207 1378 310 1420 amore
326 1356 385 1419 Dei
398 1376 482 1419 sacro
496 1357 703 1418 moderamine
715 1357 834 1434 vivens,

101 1453 155 1512 Fit
165 1452 339 1535 peregrinos
349 1451 453 1525 humi,
469 1450 541 1512 civis
555 1451 653 1511 eundo
667 1449 742 1531 poli.

63 1545 204 1624 Denique
218 1557 286 1627 post
299 1542 367 1605 illos
381 1543 432 1623 qni
446 1543 638 1603 fundamenta
651 1555 821 1617 coruscant,

103 1637 235 1716 Postque
249 1634 333 1697 Petri
346 1655 380 1698 ac
396 1634 483 1696 Pauli
495 1635 609 1696 lomina
623 1635 722 1716 prima
734 1635 801 1696 fide.

66 1730 143 1812 Quis
153 1748 296 1790 numerus
310 1727 406 1788 radiet
416 1740 586 1790 sauctorum
597 1747 715 1807 sparsus
728 1727 759 1787 in
770 1730 861 1804 orbe,

102 1822 228 1904 Quanta
240 1822 450 1883 columnarum·
460 1821 553 1904 gratia
564 1821 628 1881 susa
639 1820 716 1904 viget
725 1821 736 1880 !'

63 1914 123 1978 Per
136 1916 222 1991 loen,
235 1935 290 1996 per
300 1913 429 1996 populos
441 1915 555 1976 mondo
564 1932 617 1975 soa
628 1915 733 1998 sydera
747 1927 894 1995 praesunt,

104 2006 260 2089 Quicquid
273 2008 310 2068 ab
322 2009 440 2070 oceanis
452 2009 579 2071 circulus
592 2007 688 2069 arnbit
701 2009 793 2087 aquis.

64 2101 189 2176 Arctos,
203 2101 359 2175 meridies,
375 2100 490 2176 oriens,
506 2120 626 2162 occasus
638 2101 783 2176 honorat,

104 2192 237 2253 Lumina
249 2193 422 2253 muneribus
434 2193 593 2255 clarificata
606 2195 674 2254 suis.

65 2285 114 2347 De
127 2284 246 2364 reliquo
260 2285 335 2344 nihii
349 2297 393 2346 est
404 2287 601 2365 quodcunque
615 2286 730 2347 videtur
741 2286 772 2346 in
787 2287 876 2361 orbe,

103 2377 190 2438 Nam
203 2391 305 2437 tumor
316 2377 366 2438 hic
376 2391 470 2455 totns,
483 2380 581 2440 sumus
592 2393 621 2440 et
632 2380 737 2440 umbra
751 2400 861 2440 sumus.

67 2469 132 2534 Cur
145 2471 237 2554 igitur
246 2482 330 2530 metu
341 2471 468 2532 trahitur
480 2474 547 2533 data
558 2473 618 2535 vita
630 2492 766 2549 susurro,

104 2565 176 2628 Nec
189 2565 355 2625 Fortunato
368 2585 464 2646 pauca
475 2565 497 2626 J
500 2567 588 2627 ovine
602 2563 715 2626 refers?

63 2656 222 2739 Tempora
233 2657 315 2738 lapsa
328 2657 427 2731 vides,
441 2678 538 2738 neque
552 2658 641 2741 longa
653 2657 770 2720 silentia
784 2655 915 2740 rumpis,

105 2749 161 2810 Me
174 2769 292 2829 quoque
304 2770 343 2810 ne
357 2751 524 2812 recrees-ad·
534 2771 600 2811 mea
614 2753 721 2811 damna
733 2761 822 2812 taces.

63 2843 141 2906 Nou
154 2844 197 2903 ita
207 2843 295 2903 rebar
306 2863 414 2918 ovans,
427 2857 586 2924 postquam
601 2842 769 2904 Germania
781 2855 899 2904 nostros

108 2933 287 2998 Contulerat
299 2936 392 3011 visus,
407 2949 439 2996 ut
451 2936 578 2997 resiliret
591 2954 686 2996 amor.

67 3027 267 3092 Credideram
280 3029 379 3110 polius
392 3041 536 3109 quantum
548 3049 579 3089 se
592 3029 728 3090 tenderet
740 3041 824 3106 aetas,

108 3119 157 3182 Ut
166 3122 256 3182 vestri
269 3121 391 3184 affectos
402 3141 435 3186 se
446 3121 612 3204 duplicaret
625 3143 710 3203 opus.

787 3232 838 3272 or.
