2222 3852
156 233 219 298 236
407 251 440 308 v.
470 253 506 307 u.
530 254 776 309 ronruntrr

155 343 285 408 Pectore
296 345 617 428 perspicuosapientia
629 347 758 429 provida
769 347 879 434 fulget,

202 436 342 500 Ornatur
352 460 436 502 sexus
448 453 478 502 te
493 441 628 502 radiante
640 455 716 502 tuus.

160 529 297 616 Coniuge
308 534 447 618 pervigili
459 535 549 595 nituit
561 535 656 618 magis
668 535 736 595 aula
749 537 870 613 mariti,

199 623 308 688 Floret
320 639 350 688 et
363 629 481 711 egregia
492 629 683 710 dispositrice
697 629 815 690 domus.

124 777 129 790 ,
159 718 238 781 dure
251 720 375 801 quidem
386 742 495 806 magna
508 735 552 783 est
564 744 631 803 quae
644 736 688 784 est
697 721 781 784 Galli
794 721 856 783 filia
869 725 991 808 magni,

205 812 268 876 Sed
279 815 391 876 merito
402 828 480 876 natae
492 816 588 878 erevit
598 817 716 877 honore
728 830 824 897 pater.

159 905 236 969 Non
248 907 335 969 aliter
347 921 468 989 poterat
480 909 539 971 nisi
551 930 677 970 munere
689 909 801 970 clarior
812 927 893 985 esse,

204 998 284 1081 Quae
296 1001 406 1061 meruit
418 1002 499 1063 celso
511 1003 600 1084 digna
612 1002 731 1082 plaeere
745 1001 823 1062 riro.
912 1021 914 1028 ’

162 1092 258 1178 Eligit
271 1115 287 1154 e
300 1092 403 1154 multis
415 1095 467 1174 qui
481 1115 565 1158 carus
579 1107 694 1156 amaret
705 1107 875 1171 amantem,

205 1185 247 1247 Et
258 1177 346 1270 judex
358 1189 464 1269 patriae
476 1187 614 1251 vendicat
627 1189 693 1270 ipse
707 1189 775 1250 sibi.

162 1279 266 1346 Ambo
280 1301 367 1362 pares
377 1283 472 1364 juncti
484 1283 590 1367 longos
603 1282 750 1344 maneatis
763 1282 795 1342 in
809 1300 924 1358 annos,

205 1371 248 1436 Et
260 1396 444 1457 quaecunque
454 1377 560 1439 volunt
569 1377 676 1462 gaudia
688 1389 801 1452 vestra,
814 1376 922 1436 serant.

286 1529 358 1582 vlt.
382 1530 438 1582 ltu
459 1529 568 1583 tuto
588 1527 706 1581 DUGE
728 1527 928 1581 EGREGIO.

167 1641 317 1734 duntone
329 1683 471 1743 proceres
480 1707 492 1740 ,
500 1676 531 1724 et
540 1662 667 1724 uomina
678 1661 757 1724 celsa
771 1661 929 1742 priorum,

212 1756 330 1818 Cedant
343 1768 449 1819 cuncta
460 1755 541 1838 Lupi
552 1776 679 1817 munere
692 1756 770 1818 vieta
783 1755 875 1816 ducis.

169 1848 275 1931 Scipio
290 1852 372 1929 quod
384 1850 521 1930 sapiens,
539 1849 617 1911 Cato
630 1849 713 1929 quod
725 1861 858 1910 maturus
870 1849 995 1932 agebat,

209 1940 377 2024 Pompeius
387 1943 474 2019 felix,
491 1944 595 2004 omnia
608 1942 688 2003 solus
698 1942 800 2004 habes.

168 2035 235 2099 tttis
247 2037 418 2101 consulibus
432 2036 572 2098 Romana
585 2037 722 2116 potentia
731 2035 831 2111 fulsit,

210 2129 257 2191 'l'e
269 2131 343 2192 duce
355 2132 407 2190 sed
420 2131 509 2192 nobis
521 2130 571 2191 hic
583 2132 677 2191 modo
694 2128 797 2190 Roma
807 2128 897 2190 redit.

168 2223 216 2287 Τι’
229 2225 378 2286 tribuente
391 2224 506 2285 aditum
520 2224 633 2285 eunctis
645 2222 753 2284 fiducia
765 2223 875 2305 surgit,

210 2317 372 2380 Libertatis
387 2339 481 2400 opem
493 2318 592 2379 libera·
602 2317 705 2400 lingua
713 2317 805 2376 dedit.

173 2409 349 2474 Moestitiero
361 2413 387 2473 si
400 2413 466 2493 quis
477 2412 601 2474 confuso
616 2413 646 2471 iu
659 2423 782 2492 pectore
794 2408 903 2492 gessit,

212 2506 377 2586 Postquam
390 2521 419 2568 te
431 2506 524 2580 vidit,
538 2527 595 2587 spe
606 2505 734 2565 meliore
747 2515 859 2565 manet.

170 2599 325 2663 Fundatus
337 2601 477 2683 gravitate
492 2599 605 2675 animi,
621 2618 744 2678 qnoque
755 2598 846 2660 corde
857 2595 1040 2680 profundus,

213 2691 385 2771 Tranquilli
398 2694 493 2776 pelagi
506 2693 606 2752 fundis
619 2692 656 2752 ab
673 2712 727 2752 ore
739 2691 841 2751 saleru.

175 2783 238 2848 Sed
249 2785 375 2847 facunda
388 2787 471 2868 plebi
482 2786 576 2870 magis
588 2799 642 2846 tua
651 2805 780 2846 munera
789 2797 937 2866 prosunt,

216 2879 265 2941 Tu
276 2881 380 2942 condis
393 2902 510 2956 sensus,
526 2894 556 2942 et
567 2880 636 2940 salis
647 2881 727 2944 unda
738 2880 833 2942 cibos.

179 2972 309 3038 Consilii
322 2976 422 3051 radix,
434 2975 563 3037 foecundi
576 2993 655 3036 vena
664 2973 780 3055 saporis
786 3017 801 3050 ‚.

218 3068 347 3152 Ingenio
356 3070 458 3148 vivax,
472 3090 525 3131 ore
537 3080 661 3132 tonante
674 3067 791 3151 loquax.
