2230 3838
292 394 538 450 POEMATUM
551 396 679 451 LIBER
696 399 749 453 tv.
906 387 968 450 183

109 547 174 603 XV.
196 545 464 601 EPlTAPlllUllll
486 547 714 604 BOBOLENI
734 551 927 607 DlACONl.

70 646 267 732 luunsrnuts
278 669 442 731 hominum
454 670 586 753 subjecte
600 683 644 732 est
655 671 717 733 vita
728 671 867 754 periclis,

116 764 248 828 Casibus
261 776 291 826 et
304 765 394 826 variis
406 784 471 826 sors
482 765 608 826 inimica
619 765 742 847 premit.

74 858 156 922 Nam
169 859 344 922 recubando
358 859 446 920 thoro
459 858 637 921 Bobolenus
646 860 763 921 honore
777 860 895 937 diacni,

109 953 201 1016 Dnrn
214 953 326 1014 fruitur
337 973 447 1014 somno
459 973 543 1015 mors
556 954 637 1035 rapit
649 966 712 1015 atra
726 956 835 1017 virum.

69 1049 181 1110 Hostis
191 1049 226 1109 in
240 1048 356 1110 insidiis
368 1068 474 1110 securo
488 1049 567 1110 caede
579 1048 710 1127 securis,

114 1141 294 1206 Pereutiens
305 1142 465 1205 cerebrum
479 1141 552 1204 fecit
565 1142 652 1203 obire
665 1139 747 1203 dolo.

77 1233 137 1299 Dic
149 1237 208 1298 tibi
223 1237 297 1317 quid
310 1237 433 1319 prodest
445 1237 540 1298 scelus
554 1237 613 1299 hoc
625 1236 798 1321 peragendo
815 1235 965 1300 nefande?

113 1329 170 1393 llle
183 1330 258 1393 Deo
270 1330 359 1407 vivit,
375 1343 407 1391 tu
416 1331 564 1393 moriture
577 1331 669 1412 peris.

69 1423 221 1510 Martyris
235 1424 287 1486 ille
301 1425 391 1487 decus
403 1425 533 1502 meruit,
548 1437 581 1486 tn
595 1426 704 1487 damna
717 1423 862 1502 latronis,

111 1518 200 1583 ilinc
212 1519 273 1582 sibi
285 1518 386 1601 palma
398 1519 516 1602 placet,
529 1520 583 1582 sed
595 1519 652 1582 tibi
664 1539 756 1602 poena
768 1532 879 1582 manet.

115 1677 188 1731 xvt.
205 1677 433 1732 EPlTAPHlUM
448 1675 745 1731 Tussonnfflttnts
762 1675 919 1732 nEGtttAE.

70 1781 238 1885 annvts
250 1801 344 1862 aetatis
355 1799 440 1862 senio
453 1802 514 1883 jam
528 1799 663 1862 flecteret
673 1819 787 1875 annos,

110 1898 344 1977 Multorumque
357 1909 458 1958 tamen
472 1916 541 1978 spes
552 1893 612 1958 cito
625 1907 710 1975 rapta
723 1894 787 1955 snit.

73 1991 106 2054 Si
118 1992 265 2075 precibus
278 2004 400 2074 possent
413 2003 526 2052 naturae
540 1988 641 2050 debita
651 1987 749 2064 flecti,

109 2086 205 2150 Plebs
219 2099 319 2170 ageret
329 2086 472 2172 lacrymis
484 2086 563 2146 hanc
575 2105 730 2166 superesse
743 2083 812 2145 sibi.

70 2181 192 2246 Gaudia
205 2193 316 2260 quanta
327 2180 456 2263 inopum
469 2178 587 2240 tomulo
599 2192 668 2239 sunt
681 2179 781 2242 clausa
793 2178 847 2239 sub
861 2195 939 2254 uno,

108 2276 254 2356 Votaque
269 2288 341 2354 quot
355 2274 477 2357 populis
488 2272 610 2335 abstulit
621 2294 680 2336 una
693 2273 767 2336 dies.

67 2369 187 2456 Inclyta
198 2369 341 2432 nobilitas
352 2369 475 2454 genitali
488 2369 555 2430 luce
569 2387 745 2443 coruscans,

111 2464 176 2528 Hic
187 2477 372 2547 properante
387 2464 436 2526 die
450 2461 685 2526 'lheodechildis
698 2463 786 2545 jacet.

71 2555 130 2622 Cui
145 2559 239 2621 frater
249 2602 259 2635 ,
271 2559 408 2643 genitor,
423 2559 567 2640 conjunx,
581 2578 669 2633 avus,
683 2570 772 2638 atque
784 2552 922 2638 priores,

111 2649 259 2715 Culmine
272 2653 413 2716 succiduo
428 2653 525 2736 regius
540 2653 617 2714 ordo
629 2652 694 2713 suit.

69 2745 260 2830 Orphanus,
274 2748 358 2825 exul,
374 2768 481 2832 egens,
496 2748 593 2809 viduae
604 2749 750 2827 nudaeque
762 2748 911 2828 jacentes,

110 2839 264 2918 Matrem,
279 2862 394 2919 escam,
409 2855 528 2926 tegmen
540 2842 591 2904 hic
604 2840 747 2923 sepelisse
761 2839 874 2903 dolent.

68 2931 173 2998 Unica
187 2955 235 2996 res
247 2935 360 3017 placuit
372 2937 489 2997 tumulo
502 2935 651 2998 mercedis
662 2934 792 3016 opimae,

110 3028 214 3089 Antea
225 3040 332 3092 cuncta
343 3030 425 3091 dedit
438 3049 528 3110 quam
543 3040 713 3110 peteretur,
727 3048 828 3110 opem.

71 3119 239 3186 Occultans
252 3143 304 3185 sua
316 3125 394 3186 dona
407 3124 484 3199 suis,
499 3144 537 3184 ne
552 3123 630 3184 sorte
644 3133 793 3197 vetarent,

111 3213 176 3282 Sed
187 3239 253 3301 qun
265 3217 363 3285 clausa
378 3217 477 3298 dedit,
491 3218 591 3304 judice
602 3229 676 3282 teste
688 3217 786 3280 docet.
