2222 3852
277 290 513 346 POEMATUM
535 290 659 345 LIBER
675 291 746 346 vlt.
895 303 953 366 271

114 390 273 454 Fluctibus
285 391 317 451 in
330 390 439 452 mediis
451 390 582 453 anchora
595 390 695 452 cordis
707 403 781 473 agat.

71 485 230 547 Virtutum
241 483 372 566 speciale
383 486 489 560 decus,
504 484 648 566 patientia
658 483 766 567 fulget,

116 581 190 662 Qua
200 580 342 664 gradiaris
352 579 410 641 iter
422 579 487 641 Jot
498 579 554 640 tibi
566 579 649 662 signa
661 578 752 640 dabit.

73 674 198 755 Quidve
209 674 315 754 loquar
323 671 470 735 humilem
484 694 575 754 quem
587 673 681 756 gratia
694 671 773 734 celsa
783 672 921 748 decorat,

113 767 157 828 Et
166 781 311 848 quantum
324 768 386 827 ima
398 767 492 848 petit,
507 767 599 851 surgit
610 768 648 826 ad
661 766 718 827 alta
729 764 832 848 magis.
844 756 848 763 ¹

75 861 170 942 Quod
182 862 298 922 diversa
311 862 401 922 nimis
412 862 506 922 divisa
516 875 559 922 est
570 881 660 923 causa
675 860 810 938 duobus,

115 955 183 1036 Qui
193 958 270 1038 jacet
282 956 333 1017 itte
343 956 439 1032 subit,
454 956 505 1036 qui
518 968 613 1017 tumet
626 956 690 1036 ipse
703 955 790 1018 cadit.

75 1049 152 1114 Haec
165 1049 301 1132 exempla
315 1051 437 1130 quidem
450 1050 586 1132 Joscph,
602 1047 780 1132 Pharaoque
792 1050 956 1125 dederunt,

113 1142 248 1206 Tollitur
257 1142 309 1205 ille
322 1143 406 1220 lacu,
421 1144 564 1227 mergitur
576 1143 631 1205 iste
644 1144 731 1206 freto.

73 1237 128 1300 Est
139 1239 231 1300 etiam
244 1237 336 1300 laudis
348 1239 495 1320 stipendia
507 1258 633 1320 poscere
647 1251 783 1313 tantum,

114 1331 166 1394 Ne
180 1345 298 1414 premat
309 1333 373 1414 ipse
386 1353 472 1394 suum
484 1332 576 1414 pestis
588 1351 677 1393 avara
687 1332 798 1392 sinum.

76 1423 244 1488 Contentus
256 1426 410 1502 minimis,
430 1427 455 1487 si
468 1447 530 1486 non
542 1428 660 1508 majora
670 1426 822 1504 requirat,

114 1517 238 1601 Pauper
247 1520 278 1580 in
287 1533 410 1604 angusto
423 1534 525 1604 regnat
535 1521 675 1582 habendo
686 1519 801 1582 Deum.

76 1610 226 1695 Sapphira
239 1613 286 1675 vel
298 1614 408 1675 mulier
417 1615 554 1697 geminos
567 1613 670 1698 largita
680 1614 829 1690 minutos,

113 1705 170 1766 ilia
183 1707 315 1768 tenendo
326 1708 421 1788 perit,
436 1709 498 1770 haec
511 1727 563 1769 sua
578 1708 677 1770 dando
689 1720 801 1769 manet.

74 1800 105 1862 Ο
118 1801 248 1862 nimium
260 1799 330 1861 ieiix
341 1823 432 1880 quem
443 1822 504 1862 non
515 1801 609 1861 modo
622 1801 728 1863 mollia
741 1801 896 1886 frangunt,

113 1894 225 1957 Judice
240 1895 290 1974 qui
301 1916 364 1956 sese
378 1895 517 1956 membra
529 1895 632 1955 iaborc
645 1896 724 1957 terit.

77 1986 199 2072 Spernit
213 2009 307 2070 opum
320 1988 458 2069 iaqueus,
471 2002 635 2072 unguenta,
650 2001 835 2066 toreumata,
857 1987 960 2071 luxus,

37 2081 44 2100 '
115 2080 160 2142 Ut
173 2095 271 2144 custos
283 2082 391 2143 animae
403 2082 441 2142 cit
452 2083 533 2165 rigor
546 2083 610 2163 ipse
623 2103 692 2142 suae.

77 2173 146 2238 Hoc
159 2176 251 2236 etiam
266 2175 401 2238 recolens
413 2176 485 2255 quid
495 2177 588 2256 possit
600 2177 721 2257 parcior
733 2195 819 2250 usus,

116 2267 273 2330 Sobrietas
283 2268 392 2329 Judith
406 2271 526 2333 vincere
541 2269 604 2331 sola
618 2271 698 2332 sacit.

79 2361 200 2442 Quidve
209 2363 344 2422 animum
351 2363 470 2426 dulcem
477 2384 648 2425 memorem
656 2383 746 2443 quem
755 2357 962 2443 gratiapascit,

115 2455 198 2518 Cum
209 2455 286 2516 iutra
297 2476 327 2517 se
338 2455 469 2538 populos
482 2457 596 2518 viscera
608 2477 676 2519 cara
690 2457 797 2516 ierant.

74 2545 222 2611 Pacificus
234 2551 364 2631 gaudens
375 2571 450 2611 unus
462 2549 673 2630 complectitur
685 2570 806 2626 omnes,
847 2579 851 2588 ·

115 2641 242 2725 Stringit
253 2643 284 2702 in
298 2643 407 2704 aiicctu
419 2657 541 2726 pectora
554 2657 659 2704 cuncta
672 2665 735 2704 suo.

79 2734 110 2796 Ο
126 2736 256 2796 nimium
269 2736 338 2797 felix
351 2736 462 2798 iiorens
475 2736 609 2799 bonitate
622 2737 774 2812 voluntas,

115 2829 188 2908 Qua
201 2830 264 2890 sine
275 2830 320 2890 nii
334 2830 465 2912 populo,
478 2852 535 2893 uec
547 2830 646 2912 piacet
659 2851 711 2890 ara
722 2829 805 2891 Deo.

73 2921 148 2985 Hoc
162 2943 256 3004 opus,
270 2936 303 2984 nt
316 2924 453 3003 quotiens
466 2923 567 3004 aliquo
580 2945 664 2985 mens
677 2923 771 2985 fertur
782 2941 906 2995 amaro,

116 3013 236 3077 Firmet
249 3017 281 3077 in
294 3018 424 3078 adversis
436 3039 505 3099 spes
518 3018 633 3078 imitata
645 3017 746 3078 fidem.

72 3107 193 3192 Aspera
205 3130 269 3173 nou
281 3111 438 3197 frangunt,
451 3111 583 3175 tumidos
596 3132 653 3175 nec
664 3129 810 3194 prospera
820 3106 960 3187 reddunt,
