2230 3838
304 379 546 439 POEMA’I'UM
572 389 698 446 LIBER
726 398 748 450 Ι.
917 405 971 450 ΙΠ

82 461 181 544 Cara,
203 487 327 546 serena,
344 474 473 551 decens,
486 478 598 558 solers,
612 472 681 564 pia,
694 488 793 567 mitis,
808 491 930 579 opima:

123 561 203 643 Quae
217 565 299 627 buna
314 581 420 631 cuncta
431 573 507 654 gerit
520 575 662 658 quicquid
674 581 791 646 honore
804 586 913 669 placet.

79 653 242 735 Moribus,
262 660 383 745 ingenio
396 709 406 740 ‚
419 667 601 731 meritorum
615 672 681 738 luce
693 693 868 764 coruscans,

123 749 258 816 Ornavit
269 777 370 818 sexum
383 780 471 823 mens
483 763 616 845 pretiosa
628 789 725 835 suurn.

78 839 218 910 Plurima
231 851 305 932 quid
319 854 464 932 referam,
479 862 598 938 quantis
611 865 649 925 sit
659 870 787 949 praedite
799 875 910 939 rebus?

120 941 203 1021 Quae
216 947 317 1026 putuit
329 950 407 1010 votis
419 966 513 1033 nupta
527 956 649 1036 piacere
662 964 740 1028 tuis?

72 1034 196 1120 Augeat
206 1039 271 1102 haec
285 1041 370 1104 vobis
383 1044 477 1106 vitam
489 1049 538 1110 cui
549 1053 664 1136 templa
677 1058 816 1140 dedistis,

121 1131 377 1217 culminibusque
391 1139 451 1200 suis
463 1142 596 1207 culmina
609 1163 706 1213 vestra
717 1166 804 1240 teget.

93 1287 167 1343 XVI.
181 1288 337 1345 HYMNUS
355 1293 394 1348 ΙΝ
412 1294 595 1353 HONOREM
612 1302 756 1363 LEONTII
776 1309 947 1368 EPiSCOPl'.

202 1401 387 1505 Auuoscnu
397 1446 489 1500 omne
502 1432 637 1498 seculum

203 1518 383 1581 Antistitem
397 1519 582 1589 Leontiumt

200 1611 429 1700 Burdegalense
441 1621 623 1702 premium,

201 1707 302 1770 Dono
314 1731 447 1792 superno
460 1716 623 1784 ¹redditum.

225 1861 229 1868 ,
245 1801 396 1888 Bilinguis
408 1826 462 1868 ore
473 1809 585 1872 callido

203 1894 334 1960 Crimen
348 1899 469 1962 fovebat
480 1903 639 1985 invidum,

198 1989 317 2054 Ferens
328 1995 472 2056 acerbum
486 2001 643 2079 nuntium,

201 2085 298 2150 Hunc
308 2090 370 2171 jam
382 2090 542 2173 sepulchro
556 2097 723 2162 conditum.

246 2179 355 2246 Celare
368 2206 400 2247 se
413 2205 476 2248 non
491 2190 633 2272 pertulit,

201 2275 269 2357 Qui
283 2279 366 2341 triste
380 2280 469 2343 sunus
483 2283 594 2364 edidit,

198 2367 269 2433 Etsi
283 2393 393 2436 nocere
408 2376 513 2454 desiit,

197 2467 310 2536 lnsana
323 2483 391 2532 vota
404 2473 552 2554 prodidit.

239 2561 397 2647 Deceptus
409 2580 475 2628 arte
487 2570 596 2646 noxia,

200 2654 326 2720 Cassuta
337 2659 427 2722 deflet
441 2663 590 2726 crimina:

196 2749 285 2813 Dum
300 2775 364 2835 quae
378 2757 502 2838 putabat
513 2760 632 2840 tristia,

199 2843 357 2910 Conversa
369 2865 436 2913 sunt
450 2853 482 2913 in
495 2855 610 2938 gaudia.

239 2940 388 3026 Exempla
401 2966 478 3009 saeva
491 2949 636 3030 protulit,

197 3032 352 3100 Caleanda
365 3052 472 3102 cuncto
486 3045 644 3126 te'mpore3

195 3128 244 3191 Ut
258 3133 319 3213 jam
332 3133 390 3195 sibi
403 3137 626 3221 conscriberet,¹
744 3135 745 3138 ¹

195 3223 331 3290 Decreta
342 3228 410 3294 vivo
422 3231 566 3297 antistite.
