2218 3862
138 325 201 403 111
401 337 432 387 v.
450 337 486 389 11.
510 335 764 415 sonnonem

134 429 363 514 Dent,jaciant,
371 438 519 510 spargant,
528 429 862 492 commendentsemina
872 429 1021 514 Christo,

176 527 238 589 Hic
251 527 321 585 dare
333 543 390 583 nec
402 522 537 582 dubitent
549 541 615 600 qnae
627 521 758 583 reditura
769 538 902 587 manent.

135 622 205 696 Da,
218 620 260 681 sic
275 616 411 680 Christus
422 615 479 676 erit
493 615 547 674 tibi
561 615 758 676 thesaurarius
771 617 858 693 inde,

177 713 301 774 Praestat
313 710 401 789 inops
413 707 554 787 quicquid
564 709 689 768 reddere
704 706 841 771 Christos
854 711 954 774 babet.

135 807 205 870 Hac
217 806 363 866 animatus
375 822 434 882 ope
448 820 608 881 exposcens
617 801 745 862 meliora
753 801 923 882 Tonantis,

175 898 245 961 Nec
257 896 411 957 dubitante
418 894 476 953 lide
490 894 570 971 quod
582 892 667 954 Deus
679 895 735 956 ista
747 896 839 958 dabit.

133 992 199 1054 Pro
208 988 396 1054 Childeberti
408 987 485 1068 regis
496 985 622 1046 florente
635 986 746 1063 salute,

177 1084 282 1168 Surgat
295 1095 327 1142 nt
337 1081 369 1140 in
382 1079 459 1139 solio
473 1078 524 1158 qui
537 1078 592 1138 tuit
604 1079 680 1139 altus
691 1099 758 1141 arn.

135 1179 206 1242 Fiat
218 1185 250 1240 ut
261 1178 311 1238 1111
322 1174 437 1257 juvenis
450 1171 834 1252 111111111011111110111111111,Ὶ

178 1270 245 1335 Ceu
260 1269 350 1352 viguit
362 1285 505 1348 proavus,
519 1265 563 1327 sic
575 1265 612 1324 sit
625 1266 657 1326 in
671 1267 746 1328 01111
758 1283 866 1349 1111101.Ι

134 1366 217 1450 Ergo
230 1383 298 1424 suus
309 1359 435 1422 famulus
449 1357 604 1442 sigoaldus
617 1378 721 1421 amore
731 1361 847 1438 tidelis,

175 1457 361 1538 Pauperibus
373 1452 492 1526 tribuit,
506 1451 584 1534 regis
593 1463 626 1512 ut
638 1465 715 1514 extet
728 1473 813 1534 aper.

133 1550 219 1613 111111
227 1552 265 1610 ad
277 1547 402 1607 Martini
413 1545 574 1607 venerandi
587 1545 694 1606 limina
706 1567 854 1630 pergens,

176 1642 328 1704 Auxilium
342 1638 459 1702 domiui
471 1639 542 1699 dum
555 1651 638 1722 rogat
650 1639 715 1720 ipse
728 1639 784 1700 sui.

133 1735 175 1798 Et
187 1737 259 1796 dum
272 1733 342 1794 illuc
355 1731 514 1792 moderans
527 1753 577 1792 rex
588 1730 804 1815 progeniesque
818 1732 951 1811 laborat,

177 1827 272 1908 Quod
283 1825 421 1907 precibus
432 1838 548 1888 sanctus
560 1826 640 1888 bunc
650 1827 751 1906 jubet,
764 1825 838 1886 illud
851 1827 920 1910 agit.

132 1921 273 2001 Denique
287 1918 452 2000 procedens
465 1919 611 1978 solemnia
621 1939 703 1982 sacra
716 1932 835 1996 tenere,

174 2012 360 2094 Pauperibus
373 2007 485 2071 Christi
499 2013 626 2092 praebuit
638 2033 701 2073 esse
713 2015 832 2094 dapem.

131 2106 312 2189 Dispensata
325 2104 444 2185 placent
456 2103 598 2164 alimenta
609 2126 665 2185 per
675 2106 792 2189 agmina
809 2103 940 2183 Christi,

173 2200 308 2262 Pascitur
319 2211 348 2259 et
361 2196 507 2279 populus,
522 2219 612 2277 quem
626 2199 705 2260 fovet
719 2220 787 2262 arce
800 2199 895 2261 Deus.

132 2293 268 2356 Plurima
280 2311 429 2355 caecorum
442 2291 592 2352 refovetur
602 2294 689 2354 turba
701 2294 854 2369 virorum,

173 2385 228 2448 Est
239 2387 346 2466 quibus
356 2397 389 2444 ut
400 2396 450 2444 tua
461 2403 534 2466 pax,
549 2384 613 2460 lux,
628 2384 713 2446 Deus
724 2399 812 2467 atque
824 2387 880 2447 via.

131 2479 215 2542 111111
228 2480 317 2539 alitur
327 2478 464 2553 claudus,
479 2499 569 2558 quem
581 2479 681 2562 dirigit
694 2480 800 2541 ordine
813 2478 970 2558 Christus,

173 2573 295 2652 Quique
307 2572 352 2632 sni
366 2571 483 2632 domini
494 2572 640 2653 pendulus
652 2572 760 2653 implet
770 2594 854 2654 opus.

131 2665 210 2747 Quis
223 2666 331 2726 referat
342 2678 439 2726 tantos
453 2685 623 2727 memorare
636 2667 691 2727 sub
705 2665 811 2728 ordine
823 2667 969 2745 morbos,

173 2758 346 2823 Occurrens
358 2759 471 2840 pariter
482 2780 557 2839 quos
568 2780 621 2820 sua
633 2778 703 2822 cura
715 2759 816 2822 fovet?

129 2853 225 2915 Unde
236 2853 407 2915 catervatim
421 2853 557 2914 coeuntia
570 2853 665 2913 millia
677 2873 818 2934 pascens,

172 2946 284 3030 Erogat
296 2959 328 3006 ut
339 2946 461 3020 habeat,
475 2967 525 3006 rex
536 2967 655 3027 quoque
669 2959 773 3009 cuneta
782 2958 872 3029 regat.

128 3039 175 3102 Te
187 3040 367 3100 Fortunatus
381 3060 481 3102 comes
492 3040 564 3102 hinc
576 3039 715 3123 Sigoalde
728 3039 872 3118 salutans,

171 3132 262 3215 Regis
273 3135 311 3193 ad
326 3135 467 3197 auxilium
481 3135 533 3195 des
545 3134 672 3196 meliora
685 3153 803 3218 precor.
