2230 3838
136 320 196 386 186
383 331 416 388 v.
446 335 482 387 u.
504 331 752 386 rouruuurr

175 428 282 489 Pastor
294 445 366 489 oves
376 426 496 508 placido
508 428 595 487 ducat
607 425 646 485 ad
656 435 735 484 astra
746 422 823 482 sinu.

130 520 178 584 Ut
189 522 268 584 benc
282 521 444 584 commisso
457 542 520 583 sese
534 519 705 600 duplicante
718 516 849 593 talento,

172 615 329 679 lutroeant
341 616 458 677 domiui
471 615 576 699 gaudia
588 632 659 676 vera
671 613 727 673 sui.

110 720 112 726 ’
131 709 231 773 Isaetus
244 724 309 797 agat
325 711 380 774 sub
392 712 475 773 clave
489 708 591 785 Petri,
605 729 663 790 per
672 710 812 791 dogmata
825 703 933 785 Pauli,

170 805 256 868 Inter
264 809 405 893 sydereos
417 805 483 869 luce
495 807 625 868 micante
636 805 756 867 choros.

129 899 235 963 Fortis
249 900 443 976 Athanasius,
456 921 515 980 qua
527 900 624 962 clarus
635 897 771 960 Hilarius
782 909 894 973 astant,

170 994 268 1056 Dives
283 993 450 1071 Martinus,
464 995 562 1056 suavis
575 1007 605 1056 et
618 992 808 1056 Ambrosius.

130 1087 298 1173 Gregorius
311 1089 423 1165 radiat,
439 1108 522 1151 sacer
533 1088 716 1172 Augustinus
729 1088 869 1163 inundat,

170 1181 303 1245 Basilius
317 1183 435 1258 rutilat,
450 1181 657 1262 Caesariusque
668 1183 769 1244 micat.

130 1275 274 1359 Quorum
285 1289 365 1360 gesta
377 1297 505 1357 sequens
519 1290 548 1338 et
560 1277 639 1339 dicta
652 1276 782 1339 fideliter
793 1274 942 1358 implens,

170 1370 329 1455 Perpetuus
339 1373 406 1434 vitae
417 1372 613 1454 participatus
627 1384 716 1432 ovet:

125 1464 226 1546 Atque
238 1478 398 1528 coronatus
410 1467 499 1550 digna
512 1466 652 1528 mercede
665 1465 821 1541 laborum,

175 1557 325 1624 Obtineat
337 1559 426 1622 miles
438 1561 514 1645 regis
524 1560 557 1620 iu
568 1579 637 1623 arce
648 1559 761 1622 locum.

204 1728 276 1780 xix.
295 1726 333 1776 ru
354 1723 544 1778 urrunnu
562 1722 739 1776 uuuconu
756 1696 941 1787 uersuum,

124 1818 186 1860 CUM
203 1816 389 1858 ANTIPHONAM
405 1815 511 1856 DICRRR
530 1815 720 1863 noomnun,
737 1815 768 1852 ut
789 1814 873 1854 mssa
890 1814 1015 1856 ntem·
1104 1837 1105 1853 i

127 1919 292 2006 Manum
305 1939 421 2001 meritis
432 1957 488 2020 per
498 1949 639 2018 tempora
651 1934 741 2020 longa
753 1935 902 2020 Gregori,

167 2032 356 2096 'duronicum
368 2034 468 2095 foveas
481 2044 584 2115 pastor
596 2031 627 2092 in
641 2032 715 2092 urbe
727 2051 859 2115 gregem.

128 2125 277 2190 Consiliis
288 2127 379 2190 sacris
389 2127 430 2188 sis
440 2145 567 2202 norma,
583 2138 613 2187 et
625 2125 685 2187 vita
697 2126 855 2205 priorum,

164 2221 375 2306 Exemploque
389 2234 441 2282 too
453 2232 566 2282 crescat
578 2221 704 2301 adeptus
715 2218 825 2278 honor.

121 2316 244 2380 Lumen
255 2316 456 2399 apostolieum
466 2313 589 2397 populis
600 2326 651 2374 tua
663 2312 763 2398 lingua
774 2311 945 2390 ministret,

162 2409 206 2474 Et
218 2411 287 2475 coeli
296 2412 411 2474 donum
423 2422 452 2471 te
463 2409 598 2470 radiante
611 2408 713 2472 micet.

174 2568 237 2620 XX.
262 2566 479 2635 QUOMODO
502 2565 638 2620 JUDAEI
663 2564 975 2620 CREDIDERUNT

427 2659 476 2698 >nt
497 2657 695 2697 cnmsruru„

125 2756 168 2840 ῙΝ
180 2774 401 2838 venerabilibus
413 2776 533 2838 famulis
546 2788 689 2859 operator
701 2775 825 2858 opime,

167 2869 324 2934 Condecet
338 2881 370 2931 ot
380 2891 501 2954 semper
512 2871 576 2932 laus
588 2883 639 2932 tua
651 2868 772 2932 Christe
784 2881 880 2932 sonet.

122 2963 278 3048 Inspiraus
289 2965 443 3042 animum,
456 2978 561 3029 votum
572 2965 774 3045 effectumque
787 2964 979 3042 ministrans,

164 3057 205 3120 Et
218 3060 283 3120 sine
297 3079 357 3139 quo
371 3059 489 3140 nulium
503 3059 644 3142 praevalet
658 3060 866 3122 essebonum:

118 3150 249 3218 Lumine
261 3154 422 3240 perspicuo
435 3153 608 3220 mcondaus
620 3167 744 3239 pectora
758 3166 878 3236 vatum,
