2230 3838
150 278 207 341 13²
419 293 452 348 V.
480 296 513 347 ll.
540 295 787 349 FORTUNATI

189 395 352 460 Confessus
368 393 524 459 Christum
538 399 618 459 duxit
632 399 670 458 ad
683 411 760 458 astra
774 412 873 480 caput.

123 557 126 568 Ι
146 489 211 571 Qui
224 492 331 553 virtute
344 503 451 572 potens
464 493 589 552 orientis
599 492 632 553 iu
642 512 694 553 axe
708 492 858 573 sepultus,

184 584 265 648 Ecce
276 586 331 646 sub
343 586 469 648 occiduo
484 587 604 648 cardine
618 587 733 667 praebet
745 607 848 668 opem.

143 678 225 763 Ergo
240 692 394 741 memento
408 700 513 761 preces
527 693 556 740 et
570 680 694 741 reddere
708 693 776 741 vota
790 682 903 758 viator,

187 773 318 835 Obtinet
330 775 380 836 hic
392 774 508 834 meritis
519 775 600 853 quod
614 775 689 856 petit
701 775 781 835 alma
793 776 876 836 fides.

146 865 294 930 Condidit
304 868 426 929 antistes
440 865 584 929 Sidonius
597 870 652 929 ista
663 870 822 946 decenter,

187 961 353 1024 Proficiant
365 962 473 1022 animae
486 983 552 1042 quae
565 983 644 1025 nora
657 962 771 1044 templa
784 984 854 1024 suae.

170 1116 226 1167 ΧΠ.
244 1114 293 1165 ΒΕ
315 1114 501 1167 ORATORIO
518 1116 542 1166 A
558 1113 739 1169 Tarsatco
756 1114 1012 1170 CONSTRUCTO.

145 1228 278 1312 Lucum
292 1246 445 1329 perspicui
458 1249 611 1311 nituerunt
624 1251 730 1313 limina
746 1253 871 1334 templi,

186 1340 260 1423 Quo
274 1343 355 1423 capit
365 1342 444 1402 hand
456 1343 579 1404 dubiam
589 1365 677 1427 spem
690 1349 858 1407 veneranda
872 1348 958 1409 fides.

144 1436 222 1501 Haec
232 1450 276 1498 est
292 1437 358 1498 aula
372 1436 475 1512 Petri,
490 1438 581 1500 coelos
595 1439 646 1519 qui
660 1440 742 1502 clave
756 1453 890 1517 catenat,

185 1528 323 1591 Substitit
334 1543 362 1591 et
375 1530 496 1615 pelagus
507 1552 568 1613 quo
581 1533 734 1616 gradiente
746 1533 832 1615 lapis.

143 1623 273 1688 Sedibus
285 1625 332 1686 his
344 1624 457 1687 habitat
472 1623 581 1686 Paulus
593 1628 665 1688 tuba
675 1628 811 1711 gentibus
826 1649 900 1689 una:

182 1718 224 1780 Et
234 1720 286 1801 qui
298 1721 401 1802 praedo
415 1721 516 1804 prius,
530 1721 580 1782 hic
593 1724 686 1783 modo
700 1744 801 1804 praeco
816 1734 927 1783 manet.

141 1812 269 1875 Martini
282 1815 389 1875 domus
403 1827 446 1876 est
461 1813 616 1876 Christum
628 1817 679 1896 qul
693 1818 779 1878 vestit
793 1831 948 1900 egentem,

176 1906 301 1991 ,Regem
314 1921 381 1993 tyro
395 1921 513 1992 tegens,
526 1923 614 1989 atque
626 1911 721 1972 homo
734 1914 800 1994 jure
813 1911 928 1972 Deum.

140 2001 223 2065 Ecce
235 2003 397 2064 sacerdotis
408 2003 485 2064 sacri
497 2005 589 2066 micat
602 2004 668 2065 aula
683 2003 806 2088 Remigi

183 2095 249 2177 Qui
260 2096 399 2157 tenebras
412 2098 517 2156 mundi
530 2097 617 2176 liquit
631 2111 660 2159 et
674 2110 751 2159 astra
764 2112 855 2160 tenet.

144 2188 254 2276 Cultor
266 2190 369 2273 opime
383 2190 446 2252 Dei
458 2192 606 2273 ternplum
620 2191 761 2255 Trasaice
775 2192 896 2270 locasti,

184 2283 250 2346 Has
261 2284 309 2347 cui
323 2284 490 2367 persolvis,
502 2287 602 2347 reddit
614 2301 731 2350 amator
745 2309 830 2371 opes.

216 2437 301 2491 xm.
323 2438 378 2489 DE
403 2438 583 2493 SANCTIS
607 2443 952 2498 AGAUNENSIBUS.

141 2538 299 2620 Turtam
312 2558 367 2619 sub
381 2559 487 2620 mundi
500 2581 570 2623 curn
581 2575 833 2643 persequerentur
846 2565 961 2646 iniqui,

107 2681 110 2685 ·
182 2650 437 2734 Christicolasque
447 2655 530 2715 daret
541 2675 617 2716 sarva
629 2656 765 2736 procella
777 2659 859 2730 neci;

139 2743 269 2829 Frigore
282 2744 409 2827 depulso
422 2750 605 2811 succendens
618 2750 710 2810 corda
723 2752 857 2834 peregit,

182 2836 322 2920 Rupibus
336 2839 367 2900 in
380 2840 485 2925 gelidis
499 2842 613 2905 fervida
625 2843 706 2906 bella
719 2844 801 2905 fides.

141 2931 215 3014 Quo
229 2933 280 3015 pie
294 2931 429 3000 Maurici
441 2938 548 2999 doctor
561 2936 687 3022 legionis
700 2938 830 3019 opima,

182 3025 311 3089 'Praxisti
324 3029 417 3092 lortes
429 3031 558 3093 subdere
573 3031 652 3094 colla
664 3032 755 3094 viros.

143 3118 240 3201 Queis
253 3123 360 3204 positis
370 3124 475 3207 gladiis
485 3139 554 3188 sunt
565 3145 651 3190 arma
662 3145 679 3190 e
692 3127 831 3213 dogmate
844 3127 948 3208 Pauli,
