2222 3852
146 275 207 340 206
392 284 425 336 V.
451 282 487 334 H.
511 279 775 335 FORTUNATI

144 379 320 446 Certamen
331 373 382 436 hic
394 384 529 455 repetam
542 369 694 452 praeconia
707 372 785 434 celsa
797 375 960 457 priorum,

187 472 269 537 Cum
282 469 383 553 potius
395 481 445 529 tua
458 466 521 527 laus
534 478 623 526 ornet
634 465 752 529 honore
761 473 877 551 genus?

144 569 193 630 illi
208 585 314 628 auxere
327 562 419 628 umis
431 561 577 645 patriam
591 560 643 620 sed
654 561 796 644 sangnine
809 563 893 643 fuso,

183 661 233 721 Tu
244 659 311 743 plus
323 654 467 735 acquiris,
482 651 611 734 quisine
625 651 710 715 clade
723 656 810 739 regis.

144 757 234 838 Quos
244 753 328 836 prius
341 748 455 811 infestis
468 749 613 809 lassarunt
622 746 704 809 bella
715 750 856 831 periclis,

186 848 254 909 Hos
264 845 358 907 modo
371 862 492 905 securos
506 841 589 923 pacis
599 859 705 902 amore
716 841 810 905 fores.

143 941 262 1005 Omnia
274 940 341 1000 laeta
352 949 462 1000 canunt
472 935 573 998 felicia
585 946 724 1015 tempora
736 937 832 1020 regis,

189 1033 282 1117 Cujus
296 1033 327 1092 in
340 1029 481 1112 auspiciis
494 1028 584 1094 floret
596 1028 700 1109 opima
713 1030 807 1110 quies.

144 1129 205 1192 Per
214 1148 305 1208 quern
318 1123 479 1203 tranquilla
491 1136 640 1184 terrarum
652 1123 743 1206 frugis
755 1125 903 1206 abundat,

183 1221 312 1284 Devotis
322 1216 443 1300 populis
454 1229 497 1278 est
509 1229 560 1290 tua
572 1217 633 1278 vita
643 1237 734 1300 seges.

145 1316 227 1382 Cum
239 1327 268 1375 te
280 1323 453 1374 nascentem
465 1323 640 1372 meruerunt
650 1310 751 1378 secula
762 1332 882 1398 regem,

184 1409 315 1472 Lumine
329 1406 438 1488 majori
451 1404 532 1466 fulsit
544 1405 576 1465 in
589 1404 664 1467 orbe
676 1405 749 1468 dies.

141 1504 320 1568 Posteritate
333 1521 411 1563 nova
424 1500 546 1564 tandem
558 1518 612 1562 sua
624 1499 730 1583 gaudia
743 1520 886 1581 cernens,

83 1671 89 1678 ⁶
184 1597 330 1662 Crescere
342 1615 374 1657 se
388 1593 460 1656 dixit
471 1592 566 1675 prolis
577 1593 695 1655 honore
710 1608 804 1675 pater.

143 1691 208 1774 Qui
221 1688 355 1771 quamvis
368 1699 444 1758 esset
455 1686 578 1756 sublimi
590 1687 702 1750 vertice
715 1701 835 1769 rector,

182 1783 281 1844 Altius
292 1782 386 1852 erexit
396 1793 428 1844 te
441 1781 580 1844 veniente
591 1793 691 1863 eaput.

140 1876 238 1940 Laetus
248 1878 280 1936 in
291 1875 417 1939 haeredis
425 1874 543 1960 gremio
556 1895 609 1935 sua
621 1888 690 1937 vota
702 1874 868 1954 reclinans,

180 1970 302 2041 Floruit
314 1970 385 2044 ,inde
398 1969 492 2054 magis
503 1990 557 2052 spe
571 1968 700 2038 meliore
712 1989 809 2032 senex.

111 2147 114 2154 .
138 2066 219 2128 Ante
232 2063 308 2125 alios
320 2063 426 2126 fratres
438 2057 529 2148 regali
541 2062 678 2146 germine
689 2076 791 2139 natus,

181 2156 302 2224 Ordine
316 2158 368 2238 qui
380 2156 499 2233 senior,
511 2156 556 2217 sic
568 2157 679 2237 pietate
692 2157 786 2238 prior.

139 2251 286 2316 Praedicat
295 2251 366 2326 hine
378 2249 514 2325 bouitas,
529 2248 614 2312 illiue
625 2249 771 2331 sapientia
784 2248 917 2332 plaudit,

181 2345 265 2407 Inter
278 2359 436 2427 utrumque
451 2345 540 2416 decus
551 2356 582 2405 te
595 2345 653 2405 sibi
667 2345 790 2424 quisque
804 2345 893 2426 rapit.

137 2439 190 2503 De
201 2449 309 2523 patruo
323 2438 433 2520 pietas,
445 2450 476 2499 et
488 2438 525 2498 de
537 2448 621 2519 patre
634 2436 725 2521 fulget
738 2457 881 2516 acumen,

181 2531 282 2594 Unius
296 2530 420 2594 insultu
434 2531 506 2593 vivit
517 2544 640 2612 uterque
652 2551 769 2612 parens.

139 2623 227 2710 ¹Quas
236 2625 367 2687 habuere
378 2624 471 2688 ambo
483 2623 603 2701 laudes,
615 2637 648 2685 tu
659 2624 776 2710 colligis
788 2646 910 2704 omues,

180 2718 223 2780 Et
236 2738 356 2800 reparas
368 2718 448 2779 solus
462 2718 527 2801 lege
540 2719 656 2781 favente
670 2719 754 2780 duos.

142 2811 258 2875 Semita
269 2812 405 2897 justitia,
415 2812 565 2896 gravitatis
576 2833 684 2874 norma
698 2812 842 2898 refulges,

180 2905 224 2969 Et
234 2905 389 2990 speculum
402 2907 469 2970 vitae
482 2907 531 2972 dat
544 2908 677 2989 pretiosa
687 2907 771 2970 fides.

137 2999 323 3081 Tranquillis
335 3001 444 3063 animis
457 3000 625 3067 moderatio
640 3001 695 3066 lixa
708 3012 841 3076 tenetur,

182 3093 248 3175 Qui
259 3106 382 3175 portum
395 3095 427 3158 iu
438 3095 565 3178 proprio
577 3108 700 3176 pectore
714 3113 834 3175 semper
846 3092 945 3154 habes.
