2222 3844
128 281 170 344 50
399 289 434 345 v.
451 289 484 341 tr.
504 290 762 343 nonnunnrt
813 263 819 276 ’

129 388 209 468 Quae
219 383 303 468 regio
318 397 466 466 campana
478 381 562 442 sedet
575 393 693 443 rectore
708 400 872 462 supremo,

126 483 224 546 Dives
237 480 333 564 agris,
348 477 476 560 opulens
492 475 630 551 larnnlis,
644 474 813 557 locupletus
828 475 963 551 acerris,

127 577 189 637 Vir
201 595 293 638 censu
304 585 417 646 vastus,
431 571 493 632 lare
505 569 601 633 celsus
613 582 643 632 et
656 591 710 630 ore
722 571 884 645 rotundus,

128 670 236 732 Ditior
248 668 313 750 ipse
327 667 404 743 fide,
419 686 478 748 pro
491 663 614 726 Christo
627 665 661 724 fit
678 664 737 725 sibi
750 683 884 746 pauper,

126 763 170 827 Et
182 764 265 825 dedit
278 762 455 824 innumeros
467 759 650 820 redimentes
664 759 794 822 erimina
806 779 975 836 nummos,

131 857 228 943 Cujus
240 877 344 941 sparsa
356 855 422 918 solo
436 855 575 938 migravit
588 856 626 915 ad
636 867 715 916 astra
728 853 863 917 facultas.

129 953 218 1016 Fecit
230 965 260 1013 et
270 952 302 1012 in
316 951 425 1014 coelum
437 949 537 1032 pigras
550 950 712 1012 ascendere
723 963 820 1010 terras

131 1048 208 1110 Uno
220 1048 325 1110 stando
338 1045 408 1108 loco
418 1089 428 1121 ,
439 1058 470 1106 et
478 1045 549 1104 tant
560 1043 650 1104 bruta
660 1045 698 1104 ad
710 1044 809 1105 sidera
821 1041 943 1103 saltum.

129 1143 213 1228 Ergo
227 1140 432 1226 evangelicum
447 1137 576 1200 Paulino
590 1138 737 1220 implente
750 1137 901 1212 relatum,

131 1238 285 1301 Martinus
298 1235 427 1296 monitat
439 1234 554 1297 cunctis
565 1233 658 1296 talem
672 1255 736 1295 esse
749 1233 955 1312 sequendum,

133 1331 272 1394 Tramite
286 1329 403 1392 difficili
416 1329 515 1411 potuit
526 1329 598 1408 quia
609 1349 736 1412 pergere
750 1328 852 1402 (livre,

133 1428 347 1512 Depositoque
359 1446 452 1488 onere
464 1425 598 1486 ascendit
612 1424 664 1504 qui
675 1424 754 1485 liber
768 1422 801 1482 in
812 1443 912 1484 arcem
925 1465 935 1497 ,

135 1521 348 1605 Exemploque
361 1539 491 1580 monens
500 1531 588 1581 vocat
602 1518 690 1578 altius
702 1518 747 1579 ire
761 1537 918 1598 sequaces:

135 1617 212 1679 Jam
225 1635 345 1696 quoque
360 1611 488 1672 Martini
500 1634 566 1694 quae
580 1611 682 1672 fabula
695 1611 818 1674 fluxerat
831 1632 904 1687 ore,
1104 1679 1105 1682 Ἴ

139 1709 219 1791 Quae
232 1709 358 1794 gravitas
371 1706 479 1782 luerit,
494 1726 586 1786 quam
596 1727 667 1769 acer
678 1709 716 1769 tle
727 1707 793 1791 lege
805 1707 949 1782 disertus,
1104 1701 1105 1790 l

142 1804 280 1885 Quaestio
292 1823 350 1865 nec
362 1801 448 1862 latuit
461 1800 574 1864 coelesti
587 1805 653 1886 jure
666 1803 817 1886 peritum,
1104 1797 1105 1804 '

140 1899 203 1960 vir
214 1917 348 1960 reserare
361 1895 464 1958 valens
477 1898 678 1977 quodcunque
691 1897 820 1981 aenigma
832 1908 971 1980 negaret,

141 1993 262 2078 Ingenii
273 1991 369 2054 duleis
379 1992 541 2072 prudentia
552 1991 633 2076 larga
642 1993 830 2067 redundans,

141 2089 243 2152 Fonte
256 2107 391 2170 perenne
404 2086 532 2163 bibens,
544 2089 626 2166 quod
638 2087 751 2148 rivulus
763 2086 815 2149 ille
829 2086 954 2170 rigaret,

143 2182 255 2247 Sermo
266 2181 1023 2265 pius,promptus,placidus,catus,aptus,amandus
1036 2227 1046 2262 ,

140 2276 271 2340 Intentis
284 2275 394 2338 animis
407 2274 476 2338 eoeli
487 2295 643 2357 possessor
653 2276 685 2335 in
697 2276 794 2352 arvis,

141 2371 276 2456 Pervigil
288 2383 392 2432 orator
404 2371 577 2432 mandando
590 2371 712 2454 negotia
726 2367 868 2445 Christo,
888 2391 891 2400 ’

142 2465 263 2528 Judicis
276 2466 309 2526 in
319 2465 418 2527 vultus
431 2465 560 2546 inopum
574 2465 765 2544 querimonia
775 2465 929 2546 pandens,

143 2560 263 2624 Doctus
275 2561 307 2622 in
320 2573 384 2622 arte
397 2580 481 2623 sacra
494 2560 677 2620 miserorum
691 2579 842 2641 exponere
856 2579 976 2635 causas,

142 2656 286 2718 Assertor
297 2655 430 2730 validus,
444 2675 589 2736 superans
602 2655 684 2732 sora,
699 2656 764 2737 jura
777 2666 912 2738 togatos,

142 2749 268 2812 Nobilis
279 2762 443 2825 astructor,
459 2749 603 2810 facundus
614 2749 829 2824 concionator,

145 2842 213 2925 Qui
226 2864 317 2926 prece
331 2843 455 2925 profusa
468 2844 586 2904 domini
599 2843 774 2905 vadimonia
787 2842 927 2926 placans,

145 2936 304 3018 Quantum
316 2958 391 2999 voce
402 2938 504 3000 valens
517 2938 613 2998 viduis
625 2951 714 3017 atque
728 2936 1007 3020 orphanotrophis,

149 3029 244 3114 Cujus
254 3045 283 3092 et
294 3031 360 3113 ipsa
372 3031 480 3114 polum
491 3033 639 3095 taciturna
648 3031 767 3092 silentia
780 3032 919 3115 pulsant,

147 3123 241 3196 Mens
250 3126 373 3190 fundata
383 3125 455 3191 Deo
466 3128 531 3190 sine
544 3127 613 3189 fuco
628 3127 766 3209 proxima
777 3127 872 3203 eoelo,
