2222 3852
168 316 229 392 sto
424 331 458 384 v.
478 329 515 383 n.
536 327 786 385 nonnosum
830 307 834 314 '

168 419 313 484 Carmina
323 419 349 482 si
362 441 421 502 qua
431 433 513 482 tenet
526 433 615 483 canto
627 423 817 498 modulante,
831 423 977 501 recurritj

206 511 357 576 Provocat
370 528 399 576 et
411 514 546 596 placidos
558 515 698 576 blandior
712 536 783 577 aura
796 537 894 579 sonos.

165 605 201 669 si
213 607 272 669 sibi
284 607 362 669 forte
373 609 431 670 fuit
442 609 562 690 sapiens
573 610 652 670 bene
665 623 753 671 notus
769 610 940 688 Homerus,

206 701 268 762 Aut
280 699 370 762 Maro
385 701 517 782 Trojano
531 701 623 764 lectus
636 703 667 762 in
681 703 756 764 urbe
770 703 855 765 foro:

164 792 226 860 ¹Vel
238 795 263 855 si
275 791 426 855 Davidico
440 795 545 856 didicit
557 814 639 856 sacra
651 797 788 878 dogmata
800 796 916 878 plectro
926 809 940 873 ς

207 885 314 948 Psallit
324 886 543 959 honorificum,
558 887 789 961 lamentante,
804 889 931 950 melum.

164 980 311 1063 Tangitur
323 992 372 1039 aut
384 979 477 1061 digito
491 979 572 1062 lyra,
587 981 677 1052 tibia,
689 977 801 1051 fistula,
816 998 930 1057 canna,

208 1073 346 1154 Quisque
359 1071 419 1131 suis
432 1071 524 1132 musis
537 1071 671 1134 carmine
684 1070 796 1133 mulcet
809 1091 888 1133 aves.

167 1169 219 1232 Sic
230 1187 285 1251 ego
298 1185 436 1228 curarum
447 1164 548 1226 valido
560 1164 690 1226 defessus
701 1165 739 1225 ab
752 1177 839 1240 aestu,

207 1261 346 1324 Noscens
357 1271 386 1320 te
398 1257 512 1319 salvum
525 1257 608 1319 fonte
623 1258 750 1321 refectus
762 1279 842 1344 agor.

167 1354 201 1418 Ο
214 1374 327 1415 mmen
340 1351 416 1412 mibi
428 1350 514 1412 dulce
528 1349 624 1432 Lupi,
639 1350 813 1433 replicabile
827 1371 968 1433 semper,

208 1445 360 1528 Quodque
374 1444 436 1506 mei
447 1444 592 1526 scriptum
606 1445 714 1528 pagina
726 1445 827 1507 cordis
838 1445 945 1508 babet!

167 1541 271 1623 Quem
283 1539 377 1601 semel
390 1539 538 1601 inclusum
549 1539 658 1600 tabulis
672 1538 838 1600 dulcedinis
850 1538 950 1618 intus,

207 1633 282 1694 Non
295 1632 443 1694 abolenda
455 1631 553 1693 rirnm
568 1631 699 1713 pectoris
713 1652 780 1694 arca
793 1643 885 1693 tenet.

163 1727 334 1790 Thesauros
348 1725 467 1807 pietatis
479 1725 592 1786 babens
603 1725 734 1807 pretiosa
747 1724 899 1801 voluntas,

208 1819 382 1882 Producens
395 1819 497 1880 animo
511 1817 600 1900 plura
611 1817 725 1880 talenta
736 1839 801 1882 suo.

164 1913 295 1976 Divitias
306 1931 378 1992 quas
391 1912 519 1971 mundos
531 1910 636 1986 habet,
650 1932 737 1972 mens
750 1930 840 1972 aurea
851 1912 963 1991 vincit,

209 2006 468 2084 Gemmarumque
481 2003 570 2065 decus
582 2004 672 2064 corde
684 2004 815 2066 micante
829 2004 934 2065 refert.

167 2098 279 2162 Sensus
292 2098 473 2159 aromaticus
486 2117 589 2159 suaves
599 2097 733 2157 defendit
745 2098 871 2173 odores,

190 2232 197 2244 ·
210 2193 282 2254 Hoc
295 2191 428 2252 tribuens
441 2190 549 2250 animae
561 2190 641 2269 quod
654 2191 732 2252 bene
744 2189 832 2250 tbura
844 2190 954 2252 solent.

165 2285 262 2350 Melle
273 2297 444 2366 saporatum
457 2281 586 2344 refluens
600 2301 617 2343 a
631 2295 755 2364 pectore
768 2282 913 2359 verbum,

209 2379 250 2441 Et
261 2378 321 2439 sale
332 2376 487 2440 conditum
498 2376 598 2437 reddis
610 2377 648 2438 ab
662 2396 715 2437 ure
729 2376 867 2458 sophum.

168 2471 241 2534 Post
254 2471 392 2531 tenebras
403 2469 500 2532 noctis
511 2468 665 2532 stellarum
677 2469 792 2530 lumina
802 2468 948 2547 subdens,

209 2563 332 2626 Lucifer
344 2575 376 2623 ut
386 2562 494 2637 radiis,
510 2562 554 2624 sic
565 2563 640 2623 mibi
654 2574 755 2623 mente
767 2563 853 2622 nites.

167 2655 216 2717 Ut
226 2667 341 2718 recreat
352 2656 499 2715 mundum
512 2655 634 2717 veniens
647 2655 696 2716 lun
706 2654 777 2715 solis
790 2655 828 2714 ab
842 2667 926 2731 orto,

209 2747 361 2809 Illustrant
374 2748 509 2807 animum
520 2748 562 2809 sic
574 2761 625 2808 tua
637 2748 729 2809 rerba
742 2767 855 2807 meum.

170 2841 251 2907 Cum
262 2842 419 2926 peregrina
432 2861 517 2901 meos
530 2841 625 2901 tenuit
639 2839 911 2915 Germaniarum,

210 2934 260 2997 Tu
271 2947 357 3018 pater
369 2947 399 2996 et
410 2934 514 3016 patriae
527 2933 724 2995 consuliturus
737 2953 812 2993 eras.

168 3027 300 3109 Quando
314 3027 452 3089 merebar
467 3046 558 3086 ovans
570 3025 703 3108 placidos
716 3026 869 3086 intendere
882 3023 994 3100 rullus,

211 3119 286 3182 Mox
296 3120 444 3204 geminata
458 3119 533 3180 mibi
546 3119 627 3182 fulsit
640 3119 671 3180 in
685 3119 759 3181 orbe
773 3117 844 3182 dics.
