2218 3862
289 373 457 434 LIBELLI,
477 378 757 437 SINGUL'ARES.
900 373 961 460 347

77 471 426 556 Reginaposcentesihi
441 475 623 561 Rade'gunde
636 477 787 563 '1¹o'riuga,
865 501 867 506 ’

122 565 256 629 Praebuit
267 582 376 650 optatae
389 573 724 636 munerasacraerucis.
746 575 748 582 '
854 595 859 602 ¹·

75 656 154 740 Qua
169 657 305 723 Christus
316 662 440 746 dignans
451 677 602 750 assumpta
612 666 644 726 in
658 685 748 728 carne
761 666 926 750 pependit,

120 753 221 834 Atque
233 775 340 816 eruore
351 776 404 816 suo
418 756 541 818 vulnera
553 770 653 819 nostra
666 759 747 820 lavit.
764 785 767 796 ¹

75 845 190 908 Gloria
201 868 317 910 summa
329 849 384 909 tihi
398 869 500 910 rerum
514 863 615 926 sator,
628 865 717 932 atque
731 853 907 937 redemptor
934 880 936 885 ¹

122 938 218 1019 Quod
229 954 314 1004 tenet.
322 954 477 1025 augustum
490 942 568 1004 celsa
582 942 697 1026 Sophia
709 948 845 1028 gradum.

77 1029 114 1094 Ο
130 1033 225 1114 pietas
234 1035 293 1096 huc
304 1055 397 1114 usque
407 1035 507 1118 'rigans
519 1037 556 1096 de
567 1036 650 1098 fonte
661 1037 811 1122 benigno,
828 1064 833 1072 ‘

124 1125 219 1211 Cujus
231 1148 319 1189 amor
332 1126 446 1190 Christi
459 1129 557 1190 fundit
567 1130 679 1210 ubique
693 1130 800 1194 fidem,

78 1219 162 1285 Ecce
175 1219 240 1302 pari
254 1233 328 1286 voto
336 1222 449 1304 angusti
462 1222 581 1283 certatis
594 1224 762 1304 utrimque,

122 1312 193 1398 Ipsa
205 1326 290 1384 tuum
302 1303 404 1388 sexum
417 1315 563 1397 subrigis,
579 1314 630 1376 ille
643 1337 743 1380 suum.

82 1405 140 1468 Vir
155 1405 406 1483 Constantinum,
423 1407 575 1470 Helenam
587 1409 638 1490 pia
652 1410 766 1471 semina
777 1412 897 1491 reddis,

124 1499 210 1576 Sicut
222 1502 321 1564 honor
333 1501 460 1578 similis,
473 1503 516 1565 sic
526 1511 614 1563 arnor
627 1503 690 1585 ipse
704 1505 808 1566 erucis.

80 1595 138 1658 llla
150 1595 265 1658 invenit
278 1617 388 1678 opem,
399 1609 432 1656 tu
445 1596 557 1680 spargis
570 1597 681 1676 ubique
695 1597 836 1670 salutem

2 1761 10 1772 Β
123 1688 236 1772 Implet
247 1703 277 1752 et
290 1711 446 1766 occasum,
461 1691 541 1770 quod
554 1691 641 1772 prior
655 1703 736 1752 ortus
748 1702 821 1752 erat.

81 1782 193 1847 Gloria
204 1805 322 1846 summa
334 1784 390 1845 tihi
403 1804 506 1846 rerum
520 1797 618 1868 sator,
630 1796 718 1864 atque
731 1786 922 1868 redemptor,

124 1875 219 1956 Quod
231 1891 314 1940 tenet
325 1891 480 1962 augustum
494 1879 572 1941 celsa
586 1877 701 1960 Sophia
713 1880 848 1962 gradum.

82 1964 143 2034 Per
155 1983 185 2031 te
196 1992 267 2036 crux
280 1973 398 2032 domiui
411 1986 509 2033 totum
522 1972 581 2033 sihi
592 1973 723 2034 vindicat
737 1974 863 2050 orbern,

125 2063 198 2140 Quo
212 2065 324 2125 nescita
336 2064 407 2140 suit,
421 2065 481 2127 hoc
492 2066 586 2124 modo
598 2065 658 2125 visa
671 2077 759 2148 teget.

81 2155 215 2220 Accessit
226 2157 306 2240 genti
321 2157 419 2237 major
432 2157 540 2218 fiducia
556 2153 687 2232 Christi,

123 2249 257 2330 Quando
272 2249 374 2310 salutis
386 2270 479 2330 opem
492 2269 560 2331 spes
571 2250 689 2312 oculata
702 2250 792 2313 videt.
834 2275 835 2280 ¹

82 2341 226 2409 Sensibus
239 2364 259 2404 o
273 2343 424 2424 duplicata
438 2342 511 2404 fides
524 2364 593 2406 curn
606 2364 733 2404 munere
746 2357 882 2406 vestrum.

123 2434 196 2498 Plus
209 2437 318 2499 animae
331 2438 470 2511 credant,
484 2438 565 2517 quod
580 2458 667 2500 cruce
679 2450 752 2498 teste
765 2439 903 2519 probant.

83 2527 155 2594 Hoc
167 2542 287 2613 augusta
300 2528 418 2604 colens,
433 2531 514 2611 quod
528 2529 682 2614 apostolus
693 2530 781 2592 instat
793 2551 879 2594 arare

62 2651 65 2657 ·
122 2621 159 2683 ln
173 2623 271 2706 ligno,
283 2624 333 2688 hic
346 2624 439 2686 verbo
451 2623 605 2686 laetificatis
617 2644 731 2707 agrum.

84 2714 160 2778 Haec
170 2717 232 2798 jam
244 2716 326 2778 sama
337 2717 415 2779 favet
424 2751 438 2794 ‚·
449 2737 507 2797 qua
519 2739 550 2778 se
563 2717 730 2801 septentrio
743 2717 856 2794 tendit,

125 2807 237 2886 Ortus,
251 2824 281 2872 et
293 2831 414 2876 occasus
425 2812 535 2874 militat
546 2832 601 2873 ore
615 2812 678 2872 tihi.

82 2903 170 2967 tttiuc
184 2902 357 2980 Romanus,
367 2905 439 2968 hinc
452 2905 553 2966 laudes
564 2905 709 2967 barbarus
720 2904 804 2985 ipse,

122 2997 315 3082 Germanus,
329 2997 474 3072 Batavus,
487 2997 606 3074 Vasco,
620 2997 787 3059 Britannus
798 2997 866 3080 agit.
889 3011 892 3018 ’

83 3089 156 3152 Pars
168 3104 216 3152 tua
229 3112 299 3154 cunr
313 3111 401 3154 cruce
414 3090 452 3151 sit
465 3089 577 3152 florens
591 3101 711 3174 augusta
723 3109 780 3169 per
793 3109 906 3166 aevum,

125 3181 185 3247 Cui
196 3183 269 3248 facis
280 3183 420 3247 extremis
434 3202 569 3248 crescere
581 3195 651 3248 vota
662 3181 759 3246 locis..
