2230 3838
169 339 229 388 10²
397 375 400 382 .
417 335 450 390 V.
481 329 516 389 ii.
539 325 785 388 FORTUNATI

205 424 288 490 Cum
298 445 381 491 sacra
392 426 505 511 templa
515 425 579 488 Dei
591 423 717 487 flumine
731 423 786 485 tixa
798 434 937 485 unnent:

163 531 296 600 Pulchra
309 555 365 620 per
376 545 515 618 angustos
526 545 558 594 ut
569 544 702 617 surgeret
712 526 779 592 auia
789 543 922 609 meatus,

204 625 246 689 Et
258 628 284 690 si
296 649 385 690 muns
398 629 509 705 vetuit,
524 626 652 710 praebuit
664 627 745 687 unda
758 625 869 688 locum.

162 719 209 784 Ut
220 720 415 786 famularetur
429 721 534 784 domui
547 740 619 804 vaga
632 719 757 805 lympha
771 737 925 801 supernas,

206 812 353 879 Cursibus
365 817 502 897 antiquas
514 836 562 877 ars
575 829 654 876 nova
666 814 766 875 subdit
779 833 878 894 aquas.

163 903 246 972 Cum
256 908 461 993 Baudegunde
475 928 536 991 quo
550 919 653 970 mente
666 906 798 968 Basilius
811 921 871 969 una

203 1001 277 1066 Huc
287 1023 436 1065 renovans
448 1003 586 1085 priscum
597 1001 694 1064 reddit
707 1013 736 1063 et
749 1013 834 1084 auget
845 1020 932 1082 opus.

163 1093 363 1160 Sicularum
376 1110 442 1158 tuus
454 1097 555 1158 honor
568 1095 686 1177 amplus
698 1093 811 1176 ubique
825 1107 981 1172 meretur,

203 1187 250 1251 Ut
263 1190 330 1253 loca
340 1190 422 1252 nulla
434 1201 561 1275 negent,
576 1191 658 1271 quod
669 1189 725 1250 tibi
739 1189 813 1250 festa
826 1202 946 1250 sonant.

159 1281 288 1351 il'alihus
302 1285 409 1349 officiis
422 1297 545 1369 pacatus
555 1283 660 1365 opime
673 1285 830 1360 sacerdos,

204 1378 351 1462 Quorum
364 1391 434 1444 uota
445 1379 547 1456 vides,
562 1378 654 1441 redde
667 1377 797 1462 benigne
809 1377 918 1441 vicem.

191 1529 279 1610 viu.
305 1541 360 1594 uu
386 1540 585 1597 nuslulcu
612 1539 765 1596 suucu1
792 1538 1020 1598 uuucuuuu

435 1632 552 1673 Ufflttt
576 1633 777 1674 (intortum

161 1727 328 1814 Teneone
341 1751 401 1814 vita
413 1752 513 1816 brevis
527 1752 649 1814 meritis·
658 1752 691 1814 iit
703 1751 823 1837 longior
834 1751 949 1828 umis,

202 1843 414 1929 Angustosque
423 1847 486 1908 dies
500 1847 595 1909 tendit
607 1847 724 1909 honore
739 1847 821 1908 fides.

161 1937 236 2002 Post
247 1939 338 2001 finem
352 1940 416 2002 sine
432 1939 491 2003 fine
504 1953 607 2002 manet
618 1961 704 2002 mens
717 1940 817 2002 dedita
834 1939 983 2019 Christo,

204 2031 360 2115 Linquens
370 2034 491 2096 turbam
504 2034 666 2096 homiuum
679 2048 735 2096 stat
748 2035 858 2098 sociata
869 2033 954 2097 Deo.

162 2127 232 2192 Hac
246 2148 305 2211 ope
315 2127 452 2190 suffultus
464 2127 643 2192 Vincentius
656 2141 732 2190 extat
744 2129 776 2189 in
787 2149 901 2205 aevum,

87 2219 92 2232 '
205 2221 314 2285 Gloria
327 2223 464 2308 martyrii
478 2223 677 2306 eujusopima
689 2223 776 2286 viret.

132 2360 137 2372 ·
158 2315 191 2380 ¹V
193 2318 285 2381 eutice
299 2317 413 2381 succiso
428 2315 526 2400 rapuit
538 2317 589 2397 qui
603 2338 639 2378 ex
652 2317 974 2400 mortetriumphum‚

201 2409 243 2474 Et
258 2431 336 2474 nova
347 2412 384 2474 de
396 2411 483 2474 terris
497 2409 599 2494 proles
611 2412 651 2472 ad·
663 2424 741 2473 astra
753 2411 845 2473 volat.

163 2503 302 2571 Credidit
315 2507 393 2567 unde
407 2525 534 2581 necem,
548 2519 655 2568 euicto
666 2506 749 2568 dedit
760 2506 853 2568 hostis
866 2506 1034 2582 honorem,

203 2598 424 2681 Percussorque
437 2599 530 2684 magis
545 2613 647 2664 morte
654 2621 789 2683 perenne
801 2603 888 2683 jacet.

162 2694 287 2759 Vicerat
300 2693 352 2756 itte
362 2695 469 2772 miser,
482 2694 562 2760 hune
573 2696 597 2756 si
610 2695 743 2779 jugulare
755 2695 922 2776 nequisset,

202 2787 288 2851 Nam
302 2787 423 2849 abstulit
435 2789 514 2852 unde
528 2802 632 2872 caput,
646 2789 772 2852 contulit
784 2789 855 2850 inde
868 2787 987 2870 polum.

161 2881 263 2966 Hujus
276 2901 380 2945 amore
390 2902 470 2946 novo
484 2883 536 2966 pia
547 2897 615 2946 vota
629 2881 776 2945 Leontius
787 2882 926 2964 explens,

203 2976 278 3059 Quo
291 2995 374 3040 sacra
385 2977 523 3039 membra
535 2979 635 3060 jacent
646 2989 768 3037 stannea
782 2989 858 3039 tecta
870 2975 962 3038 dedit.

160 3069 203 3143 Et
215 3071 286 3135 licet
299 3071 409 3135 eniteat
421 3061 724 3135 meritis'venerabiie
736 3071 906 3153 templum*

201 3165 346 3262 attamen
358 3180 496 3232 ornatum
506 3166 636 3250 prebuit
647 3165 702 3232 iste
715 3185 814 3238 suum,
