2230 3838
273 379 526 437 POEMATUM
549 379 684 435 LIBER
710 379 764 433 lll.
905 369 963 454 159

72 472 205 560 Maioris
218 473 339 538 numeri
352 493 412 553 quo
426 469 540 552 templa
554 471 675 552 capacia
686 484 839 551 constent,

112 572 203 634 Alter
214 574 248 633 in
262 569 379 634 excelso
391 569 539 651 pendulus
551 571 627 630 ordo
640 571 736 632 datur.

76 664 226 730 Sollicitat
237 667 290 750 pia
302 686 373 730 eura
386 665 481 750 gregis
492 678 540 742 te,
554 679 658 748 pastor
669 668 792 748 opime,

118 758 173 822 Nil
186 762 276 844 lupus
287 782 305 823 a
319 760 442 822 stabulis
455 780 515 840 quo
528 759 669 844 vigilante
683 765 770 845 rapit.

77 851 233 940 Tempora
244 856 379 940 lougaevo
390 867 493 916 teneas
503 854 603 917 felicia
617 867 731 934 tractu,

112 948 155 1011 Et
166 972 225 1034 per
239 963 269 1012 te
283 949 402 1011 domiui
413 948 653 1031 multiplicentur
666 970 746 1013 ores.

72 1095 174 1148 XVll.
194 1095 250 1147 AD
268 1093 452 1146 lGlDIUM
472 1092 687 1145 REMORUM
705 1092 962 1151 Ertscopttttt.
1006 1167 1008 1172 ,

71 1209 226 1293 Asnaus
240 1228 365 1315 egregiis
379 1226 551 1290 venerabile
563 1228 703 1308 culmen,
717 1230 813 1316 igidi,

5 1333 7 1352 ยน
110 1323 158 1386 Ex
171 1325 257 1407 cujus
268 1321 386 1384 meritis
399 1321 493 1386 crevit
505 1321 624 1384 honore
635 1325 752 1407 gradus.

69 1416 243 1482 subtrahor
254 1417 392 1502 iugenio,
407 1415 579 1498 compellor
592 1437 697 1481 amore
710 1434 835 1501 parato,

113 1513 270 1574 Laudibus
283 1512 314 1572 in
326 1511 431 1573 restris
442 1511 574 1592 prodere
587 1532 683 1593 pauca
696 1513 818 1592 savena,

74 1606 216 1688 Namque
230 1627 299 1668 reus
312 1605 418 1667 videor
428 1604 517 1666 tantis
530 1603 655 1668 existere
668 1608 783 1686 causis,

115 1700 149 1763 Si
162 1702 246 1764 solus
255 1712 371 1763 taceam
383 1697 527 1780 quicquid
540 1699 651 1780 ubique
662 1716 757 1764 sonat.

70 1795 133 1859 Sed
145 1794 285 1878 quamvis
298 1813 447 1874 nequeam
461 1793 552 1877 digno
565 1813 706 1857 sermone
720 1796 825 1870 lateri,

111 1890 165 1952 Da
175 1889 316 1966 reniam,
331 1900 402 1950 voto
416 1907 466 1948 me
479 1886 608 1949 voluisse
620 1888 714 1969 loqui.

71 1982 152 2046 Exiit
165 1985 199 2045 in
210 1984 358 2045 muudum
371 1993 523 2066 gestorum
536 1979 616 2042 fama
630 1995 773 2062 tuorum,

109 2077 153 2140 Et
166 2077 285 2140 meritis
297 2075 432 2159 propriis
446 2074 534 2158 sydus
545 2075 577 2135 in
591 2075 666 2137 orbe
679 2077 782 2140 micas.

69 2171 197 2236 Clarior
210 2171 353 2256 ellulges,
367 2189 459 2251 quarn
470 2168 595 2232 Lucifer
606 2191 659 2233 ore
672 2192 796 2235 sereno:

112 2267 170 2330 llle
182 2267 244 2329 suis
256 2267 364 2343 radiis,
376 2279 410 2326 tu
424 2264 534 2347 pietate
548 2265 635 2338 nites.

70 2359 130 2424 Nil
139 2362 229 2444 lupus
242 2360 359 2423 insidiis
372 2374 459 2423 cauto
473 2359 611 2422 subducit
625 2359 718 2438 ovili,

113 2454 160 2518 'l'e
171 2468 293 2539 pastore
305 2475 390 2518 sacro
402 2453 599 2537 pervigilante
610 2476 742 2540 gregem.

68 2548 219 2613 Facundo
233 2548 355 2629 eloquio
370 2548 502 2611 coelestia
513 2550 653 2632 dogmata
665 2549 784 2627 lundis,

110 2641 259 2707 Ecclesiae
272 2643 366 2706 crevit
379 2656 409 2705 te
423 2643 576 2704 monitore
590 2645 707 2706 domus.

67 2735 230 2800 Pontificis
242 2738 340 2799 studio
354 2739 502 2801 correctio
518 2737 616 2820 plebis
629 2737 767 2817 haberis,

110 2831 164 2894 Ne
176 2832 309 2895 tenebrae
319 2844 465 2908 noceant,
478 2833 586 2894 semita
599 2831 674 2895 lucis
687 2834 766 2894 ades.

67 2926 263 2991 Cunctorum
276 2947 394 2990 recreas
406 2927 525 2988 animos
536 2925 694 2990 dulcedine
707 2927 814 3006 verbi,

111 3020 179 3102 Qui
191 3021 279 3083 satias
293 3021 407 3104 epulis,
422 3021 520 3103 pascis
534 3034 563 3082 et
575 3035 628 3084 ore
640 3041 751 3106 greges.

66 3114 227 3198 Praecepta
239 3117 423 3198 implentur,
437 3137 501 3178 non
512 3115 577 3179 solo
591 3137 670 3200 pane
682 3116 835 3196 cibamur,

110 3209 251 3275 Delicias
262 3212 416 3294 capimus,
428 3231 501 3296 quas
512 3223 562 3276 tua
574 3213 665 3278 rerba
678 3211 788 3275 ferunt.
