2222 3844
140 339 201 392 DE
228 337 331 392 vtTA
363 337 393 392 ⁵.
420 339 611 393 MARTlNl
637 341 677 393 Ll
688 339 771 393 BER
792 340 848 395 111.
902 350 938 414 71

56 417 244 501 Principibus
254 417 383 503 geminis
397 417 468 492 fidei
480 418 536 480 sub
550 418 692 502 principe
706 418 828 498 Roma,
878 460 881 464 -

55 511 157 577 Carnis
172 512 349 596 apostolicae
362 533 423 592 quo
436 525 505 573 sunt
518 513 580 573 duo
593 513 672 576 celsa
683 515 852 597 sepulchra.

50 609 150 671 Prima
158 620 245 670 tenet
253 608 359 683 terris,
375 618 406 668 et
420 609 538 687 utrique
552 607 656 689 priora
669 610 824 691 supernis,

48 702 209 788 Dogmatis
223 695 277 763 ore
291 722 397 782 pares,
414 713 444 762 et
457 701 535 764 sedis
547 702 666 764 bonore
680 703 815 781 curules,
870 773 874 780 ,

47 799 148 860 Ambo
162 796 387 878 triumphantes
400 809 541 879 spargunt
554 816 634 858 nova
647 797 792 880 dounper
803 799 927 862 orbem:

48 891 118 955 Una
131 911 249 973 nempe
263 892 312 952 die
325 911 401 971 quos
415 892 513 973 passio
527 904 628 954 sancta
641 891 759 969 beavit,

41 988 85 1051 Et
96 1007 185 1050 sacra
197 987 242 1047 sic
254 985 391 1068 geminus
406 985 533 1069 signavit
545 999 684 1067 tempora
697 987 820 1064 consul,

46 1082 128 1162 Quis
139 1079 289 1163 splendor
303 1079 425 1161 paribus
439 1080 579 1141 rutilabat
592 1080 630 1142 ab
642 1101 696 1142 ore
707 1101 849 1148 coruscus

43 1177 193 1248 Lucifer,
207 1187 241 1234 ut
255 1174 346 1234 radiis
358 1186 550 1254 premeretur
562 1174 694 1237 vultibus
707 1174 783 1253 illis,

46 1271 182 1352 Quippe
194 1289 252 1330 uec
265 1269 330 1350 ipsa
343 1268 435 1330 micat
448 1282 643 1332 tantumrota
655 1269 766 1353 fulgida
778 1272 860 1335 solis.

45 1363 81 1427 Ο
93 1363 199 1426 dulces
212 1361 313 1439 oculi,
328 1362 419 1424 facies
433 1364 585 1426 cernendo
597 1364 720 1440 beatas,

42 1458 180 1519 Vidistis
191 1455 279 1540 Syon
292 1457 442 1538 speciosas
455 1459 562 1520 ordine
575 1472 697 1540 portas,

45 1552 183 1614 Vidistis
198 1549 283 1636 Syon
297 1563 397 1612 ternas
409 1565 515 1632 quater
528 1553 636 1614 ordine
649 1564 771 1635 portas,

52 1646 138 1728 Quas
151 1657 235 1706 amat
248 1645 443 1728 omnipotens
455 1646 532 1707 ultra
545 1649 650 1709 omnia
662 1647 795 1711 culmina
805 1649 926 1734 Jacob,

51 1741 259 1804 Gemmarum
271 1740 355 1802 vario
366 1740 520 1802 redimitas
533 1741 649 1804 lumine
662 1741 777 1818 valvas,

54 1835 195 1920 Sculptas
206 1834 387 1912 bracteolis,
400 1837 559 1918 inscriptas
572 1849 636 1898 artc
649 1839 831 1922 smaragdis,

57 1929 261 2018 Chrysolitbis
274 1930 397 2006 rutilas,
410 1931 512 1993 niveas
524 1931 705 1993 stillantibus
719 1931 805 1995 albis.

57 2025 217 2107 Quicquid
230 2040 318 2086 amor
329 2026 447 2107 potuit,
464 2045 526 2106 quo
537 2039 633 2087 totum
646 2027 740 2110 gratia
752 2027 844 2107 fudit,

56 2119 265 2182 Omnicolora
279 2120 388 2181 decens
401 2133 431 2181 et
444 2121 589 2184 omnibus
601 2141 659 2181 una
673 2126 804 2202 topazus.

56 2215 117 2277 Per
130 2235 206 2296 quas
219 2213 289 2276 huic
302 2213 410 2296 populi
423 2235 515 2298 genus
529 2214 605 2276 illud
616 2214 720 2277 nobile
735 2217 838 2299 regni,

56 2308 178 2371 lutrant
190 2309 340 2370 sideream
353 2309 534 2370 meritorum
548 2309 697 2392 gressibus
710 2310 836 2386 urbem,

57 2403 100 2466 Et
111 2405 180 2465 sine
195 2402 255 2464 fine
269 2415 394 2466 manent
406 2403 570 2485 conscripti
583 2403 615 2465 in
627 2402 726 2466 secula
739 2404 828 2466 cives.

56 2497 146 2560 Inter
158 2517 235 2579 quos
247 2518 390 2579 proceres
403 2509 433 2559 et
446 2497 579 2560 culmina
592 2498 670 2561 celsa
683 2509 843 2578 potentum

58 2591 206 2654 Patriciis
219 2591 326 2654 mixtus
339 2593 508 2675 generosis,
524 2592 772 2673 consulibusque,

57 2685 225 2748 Proximus
237 2698 266 2746 et
280 2687 342 2769 regi
355 2687 468 2748 resides
481 2685 616 2748 lllartiue
628 2699 763 2765 senator,

60 2779 124 2844 Cui
139 2778 223 2841 dedit
235 2800 320 2842 arma
332 2781 421 2859 fides,
435 2793 466 2842 et
479 2781 528 2844 cui
541 2782 648 2844 fiducia
662 2803 713 2843 rex
726 2795 786 2860 est,

60 2873 159 2937 Miles
172 2893 277 2936 amore
286 2874 399 2952 eliens,
415 2888 446 2937 et
459 2875 552 2938 sactus
564 2875 683 2947 bonore
694 2876 838 2942 cohaeres.

63 2968 132 3050 Qui
143 2981 250 3051 potes,
265 2991 337 3048 oro,
352 2971 415 3033 mei
428 2971 548 3034 veniam
562 2972 693 3054 deposce
705 2987 819 3054 reatus,

63 3063 105 3126 Et
116 3063 226 3125 vitiata
236 3064 293 3125 tibi
303 3067 386 3146 quod
397 3066 499 3149 lingua
512 3059 715 3129 remurmurat
726 3070 814 3149 au'di,

54 3159 112 3222 Ut
125 3160 166 3222 de
176 3159 261 3222 fonte
274 3159 327 3242 pio
340 3159 412 3222 lluat
425 3160 609 3244 indulgentia
620 3161 713 3239 laeso,

65 3254 113 3319 Ac
125 3267 158 3317 te
171 3267 278 3318 orante
290 3274 374 3319 sacer
386 3256 489 3319 redeat
501 3255 651 3328 medicata
661 3255 790 3320 cicatrix.
