2222 3844
170 295 210 358 62
429 309 464 363 V.
490 309 527 364 ll.
552 305 805 364 FORTUNATI

171 400 309 468 Cervicis
321 401 405 463 durae
414 400 533 464 solvens
546 401 655 462 ardore
668 400 820 484 rigorem,

166 495 244 560 lude
257 496 375 582 flagella
386 507 538 577 coquunt,
550 494 623 558 hinc
635 516 738 579 regem
752 495 892 559 incendia
906 501 1042 579 caedunt,

164 591 301 677 Vapulat
313 605 343 656 et
355 592 469 675 rapidis
481 589 614 651 {lammis
626 603 747 675 augusta
758 606 902 674 potestas.

165 687 253 753 Hinc
265 688 349 752 celer
359 687 462 750 exiluit
472 685 594 769 rapiens
606 706 638 749 se
652 707 743 749 caesar
755 701 786 748 et
799 691 908 752 ardens

165 782 296 846 Martini
308 803 405 869 genua
418 781 622 864 amplectens,
637 781 824 863 pedibusque
836 784 992 862 volutans,

165 877 278 961 Sisque
288 878 453 962 superbum
461 875 621 939 homiuem
632 899 664 940 se
672 897 834 961 agnoscere
841 902 930 962 poeua
941 884 1061 968 coegit,

163 972 249 1036 Vilia
258 994 349 1058 regua
362 973 512 1055 probans,
528 987 557 1035 et
571 972 649 1036 celsa
664 975 822 1037 cacumina
835 998 981 1057 curvans,

161 1066 328 1150 imperiale
341 1080 430 1150 caput
441 1068 536 1131 sancti
548 1069 587 1129 ad
602 1058 725 1153 vestigia
737 1070 877 1134 subdens.

161 1163 233 1228 Nec
249 1177 385 1248 spectare
398 1184 505 1246 preces
516 1164 630 1246 patitur
643 1165 812 1226 reverentia
824 1165 909 1250 justi3

161 1257 307 1321 Praestitit
319 1270 388 1322 ante
402 1271 522 1320 tumens
534 1279 626 1339 quarn
639 1255 766 1341 supplex
778 1262 876 1323 danda
887 1275 1036 1346 rogasset,

161 1351 259 1438 Regia
271 1353 328 1415 rite
341 1370 451 1436 parans
464 1353 603 1417 convivia
615 1348 695 1434 saepe
706 1354 806 1416 beato.

162 1447 287 1512 Obtulit
299 1449 371 1510 iude
384 1448 486 1512 favens
498 1448 622 1510 abeunti
636 1469 763 1510 munera
776 1449 934 1532 princeps,

161 1543 343 1628 Paupertate
359 1556 467 1625 potens
479 1544 532 1605 sed
545 1543 681 1624 reppulit
694 1544 799 1605 omnia
812 1557 946 1622 sanctus,

161 1638 316 1720 Donaque
329 1637 500 1720 despiciens
513 1638 625 1699 meruit
638 1638 707 1721 plus
718 1639 860 1723 principe
873 1641 911 1702 ab
926 1641 1014 1723 ipso,

161 1734 296 1796 Tantum
304 1734 400 1815 majus
411 1732 543 1809 babens,
556 1744 702 1812 quantum
715 1734 816 1796 minus
827 1735 923 1797 ambit
936 1757 1056 1798 avarus:

165 1829 284 1894 Omnia
297 1840 365 1890 sunt
375 1827 432 1889 soli
447 1827 499 1909 qui
512 1826 596 1889 nulla
608 1828 737 1909 requirit
746 1829 889 1891 habendi.

164 1924 251 1988 Hinc
265 1944 386 2005 quoque
401 1921 586 1984 Romuleam
595 1935 712 2008 regeret
723 1945 793 1986 cum
802 1924 950 1985 maximus
957 1943 1056 1986 arcem

162 2019 223 2080 Vir
236 2019 359 2101 capiens
372 2019 491 2101 apicem
505 2039 563 2101 per
575 2018 698 2100 publica
710 2031 792 2103 gesta
804 2019 989 2102 triumphis,

164 2115 282 2198 Saepius
295 2113 345 2176 bic
357 2125 492 2176 sanetum
506 2134 563 2194 per
577 2112 655 2176 celsa
667 2113 780 2196 palatia
793 2115 892 2191 duxit,

163 2209 239 2273 Hoc
251 2221 315 2271 toto
328 2228 470 2270 sermone
484 2207 611 2290 loquens
623 2210 660 2270 de
672 2209 739 2271 luce
753 2209 871 2286 lutura,

167 2305 247 2388 Quis
259 2305 298 2366 sit
309 2304 410 2366 honor
422 2303 524 2387 justis,
539 2303 623 2380 laus,
637 2302 752 2388 gloria,
767 2303 885 2387 palma,
899 2324 1024 2367 corona.

164 2401 236 2464 Nec
249 2399 352 2484 regina
364 2399 457 2482 pedes
471 2411 565 2462 cessat
577 2397 746 2484 lacrymosa
759 2400 875 2484 rigare,

166 2495 313 2558 Stemeus
326 2493 465 2556 membra
479 2493 566 2571 solo,
579 2495 764 2576 suspendens
776 2495 883 2579 gaudia
895 2506 986 2570 voto,

164 2589 242 2654 lnde
254 2601 396 2670 precatur
408 2607 500 2650 ovans
513 2588 652 2651 convivia
664 2601 697 2650 ut
710 2590 775 2672 ipsa
788 2599 918 2671 pararet.

167 2683 300 2748 Obtiuet
311 2682 371 2745 boc
382 2681 503 2744 bouitas
516 2684 600 2763 quod
612 2704 676 2744 non
690 2683 769 2746 valet
782 2683 841 2746 alta
854 2695 1000 2766 potestas,

166 2778 238 2861 Ipsa
251 2796 343 2838 manu
355 2775 461 2839 sellam
473 2777 575 2859 posuit
587 2798 785 2860 mensamque
798 2777 929 2861 paravit,

166 2873 255 2936 Dans
267 2871 407 2934 manibus
418 2871 576 2958 lymphas,
591 2893 691 2934 rursus
703 2872 807 2958 regina
818 2871 967 2934 ministrat

167 2965 252 3030 Laeta
264 2968 401 3030 modesta
415 2967 475 3030 suis
487 2967 598 3050 palmis
612 2987 686 3049 quas
699 2980 818 3031 coxerat
829 2986 918 3032 escas.

170 3061 246 3144 Quo
260 3062 410 3125 residente
422 3082 525 3139 sacro,
544 3062 625 3125 stetit
638 3061 690 3124 illa
703 3062 864 3124 immobile
876 3060 993 3144 planta,

171 3157 301 3224 Fercula
312 3158 499 3238 subducem,
514 3170 545 3223 et
557 3157 667 3243 pocula
679 3157 809 3244 porrigit
820 3157 895 3242 ipsa.
