2230 3838
155 295 214 372 134
417 308 449 362 v.
468 308 503 359 n.
527 307 769 361 renuuntur

192 401 355 464 Gaecorum
365 398 445 460 virus
457 399 582 480 protulit
595 399 626 460 in
640 401 784 460 medium.

151 496 285 579 Vipereo
296 505 441 575 promunt
452 511 573 575 semper
585 493 636 573 qui
648 513 682 554 ex
693 495 784 554 corde
798 513 933 572 venena,

189 588 287 652 Filius
298 601 331 649 ut
339 586 439 648 dicant
450 599 495 648 est
507 599 642 649 creatura
658 586 730 648 Dei.

148 683 246 765 Queis
257 681 352 766 magis
362 679 504 742 auxilium
517 694 635 761 praestat
645 682 791 762 sapientia
804 683 927 760 mundi,

187 775 238 838 De
249 776 381 859 ingenito
394 775 528 858 genitum
541 796 607 855 quae
618 787 705 858 negat
716 795 779 836 esse
792 774 906 837 Deum.

147 869 251 952 Quam
261 867 341 930 male
352 867 526 949 complexus
537 867 663 950 cupiens
673 869 789 931 calcare
800 870 985 951 prophetas,

186 963 277 1024 Arius
288 961 391 1024 infelix
401 982 471 1023 cum
482 962 609 1039 retinet,
625 962 751 1044 crepuit.

145 1055 290 1142 Egregius
300 1055 406 1116 doctor
416 1067 551 1116 veterum
563 1070 759 1118 monumenta
769 1070 927 1136 sequutus,

188 1148 291 1230 Quem
306 1146 476 1230 Stephanus
486 1150 579 1226 vidit,
595 1151 775 1232 comprobat
787 1172 850 1212 esse
863 1150 981 1214 Deum.

144 1241 252 1306 Victus
262 1261 366 1304 amore
378 1240 460 1318 Dei,
476 1256 651 1325 contempto
664 1245 805 1327 principe
818 1245 942 1319 mundi,

186 1335 367 1398 lntemerata
378 1335 436 1397 lide
447 1335 571 1418 pertulit
584 1336 717 1397 erilium.

144 1430 181 1491 ln
195 1442 279 1512 patre
292 1429 403 1510 quique
415 1441 524 1511 potens
534 1427 620 1491 Deus
630 1443 674 1491 est
684 1450 865 1514 cognoscere
876 1443 1004 1509 natum,

186 1523 307 1585 Divinis
320 1535 435 1584 tanturn
447 1523 571 1585 vocibus
584 1523 725 1585 insinuat

145 1615 332 1698 Perpetuum
343 1614 447 1678 lumen
459 1611 614 1678 Christum
627 1617 845 1698 dominumque
857 1617 1033 1700 Deumque

186 1709 321 1770 Bissenis
333 1709 464 1790 populos
475 1709 581 1771 edocet
595 1729 658 1771 esse
671 1709 767 1772 libris.

147 1803 212 1864 Lux
224 1802 339 1864 sincera
352 1802 447 1864 animi
460 1822 582 1885 semper
592 1803 668 1864 mihi
682 1803 776 1866 duleis
790 1803 910 1883 Hilari,

189 1897 337 1976 Quamvis
349 1897 503 1959 absentem
515 1918 607 1979 quem
620 1918 687 1961 mea
700 1919 785 1961 causa
798 1900 886 1960 ridet.

148 1989 242 2073 Cujus
252 1991 392 2054 honestus
403 2012 491 2054 amor
500 2005 615 2053 tantum
628 2011 696 2052 mea
710 1993 801 2054 corda
814 1992 966 2074 replevit,

189 2083 235 2146 Ut
247 2084 351 2148 sinete
364 2106 517 2168 nunquam
528 2099 629 2148 mente
643 2098 764 2148 vacante
778 2085 894 2166 loquar.

182 2231 248 2287 XV.
270 2232 326 2283 DE
348 2230 517 2284 SANCTO
541 2231 749 2284 MEDARDO
773 2231 996 2290 EPlSCOPO.

152 2353 259 2437 lum
274 2366 469 2430 Christicolas
479 2386 554 2448 quos
563 2367 641 2428 actio
653 2367 731 2429 vexit
745 2367 775 2427 in
790 2379 884 2444 astra,

138 2478 142 2485 ·
193 2463 267 2525 Pars
276 2461 332 2522 tihi
345 2481 402 2542 pro
416 2459 530 2521 meritis
541 2479 648 2544 magna
658 2505 667 2534 ,
678 2458 841 2537 lllerlarde,
854 2473 946 2542 patet.

153 2557 218 2639 Qui
226 2555 270 2618 sic
280 2553 376 2615 vixisti
388 2553 514 2616 terrenis
525 2555 636 2636 hospes
648 2554 680 2614 in
692 2554 754 2616 oris

193 2651 240 2710 Ut
249 2648 340 2711 coelos
352 2648 481 2729 patriam
494 2649 634 2710 redderes
645 2669 708 2710 esse
719 2660 811 2709 tuam.

151 2744 284 2806 Exilium
293 2741 349 2803 tihi
361 2743 489 2804 mundus
501 2753 582 2817 erat,
598 2761 717 2803 coenosa
728 2741 864 2817 caventi,

194 2835 236 2897 Et
244 2836 337 2895 moto
347 2847 377 2896 te
390 2838 495 2919 gaudet
506 2836 569 2899 cive
583 2850 723 2898 manente
737 2836 834 2917 polus.

153 2931 265 2993 Exutus
274 2930 421 3006 tenebris,
435 2930 554 2992 vestitus
566 2929 697 3014 tegmine
708 2930 801 3005 lucis,

196 3023 268 3085 Post
281 3024 397 3085 obitum
409 3024 515 3086 frueris
527 3024 670 3099 liberiore
682 3023 741 3084 die.

155 3118 206 3181 De
217 3115 321 3179 tellure
334 3129 412 3178 satus
423 3117 515 3180 factus
527 3138 682 3201 possessor
695 3117 830 3202 olympi,
