2222 3844
170 333 224 385 DE
249 333 351 414 vm
378 331 406 387 S·
432 331 619 389 MARTth
642 329 774 386 LIBER
798 333 849 388 lv.
918 343 955 405 77

67 423 134 488 Sub
149 437 267 486 tortore
280 444 360 486 novo
373 437 526 485 mutantur
538 437 679 507 tempora
691 424 796 499 caedis,

64 517 169 582 Poena
182 521 289 581 diurna
303 538 372 580 reos
385 519 516 594 cruciat,
533 539 583 580 me
596 531 685 581 nocte
697 518 810 600 fatigas.

63 611 167 676 Serve
182 613 265 690 Dei,
283 613 380 695 patuit
389 632 479 694 qnam
493 612 530 673 sit
541 613 597 673 tibi
612 611 690 675 celsa
700 624 848 694 potestas,

64 706 209 789 Quando
222 706 522 792 flagellaturgraviter
534 719 564 767 te
574 707 673 789 judice
683 707 781 788 judex.
842 733 846 744 ,

63 801 158 866 Hinc
171 815 276 863 tamen
288 801 352 883 ipse
365 795 477 883 probas
489 821 610 864 mecum
624 801 663 862 sit
671 799 798 880 qualiter
810 813 927 878 actum,

65 895 155 960 Cum
168 917 227 978 per
240 896 411 972 mecenio,
425 915 482 958 nec
495 895 646 970 amicum,
660 915 717 957 nec
730 897 803 979 rbgo
816 917 952 958 servum:

61 989 146 1052 Non
159 991 275 1072 patitur
287 988 410 1051 disserte
422 1009 523 1050 moras
535 989 626 1068 quem
638 1009 727 1070 poena
738 1002 867 1051 coercet.

63 1085 128 1146 Nil
142 1105 222 1166 opus
233 1097 277 1144 est
289 1083 388 1146 verbis
401 1107 409 1144 :
422 1083 512 1146 tacito
525 1096 555 1144 te
568 1103 661 1145 nosco
675 1084 756 1162 quud
770 1096 875 1164 optas:

65 1177 160 1241 Cede
172 1197 285 1259 precor
292 1219 306 1252 ‚,
315 1177 434 1239 discede
445 1176 531 1253 loco,
544 1177 676 1239 concede
688 1176 768 1254 quod
782 1187 856 1254 oroj

65 1272 121 1335 Ne
136 1285 190 1333 tua
203 1291 253 1332 me
266 1270 394 1354 graviter
406 1270 466 1332 cito
477 1270 583 1352 puniat
596 1270 669 1332 ultio
682 1270 800 1331 vindex.

69 1365 153 1428 Haec
166 1366 226 1441 ait,
240 1377 270 1426 et
281 1383 415 1446 propero
428 1366 506 1446 pede
520 1365 691 1427 discedente
704 1371 834 1446 patrono
840 1406 854 1439 ‚
885 1417 887 1424 ,

66 1461 233 1522 Avitianus
247 1458 336 1539 inops
349 1458 443 1518 animi
456 1473 543 1522 vocat
555 1458 715 1534 officiales,

68 1554 112 1615 Et
126 1573 262 1615 reserare
274 1552 358 1634 jubet
368 1535 536 1628 nimenta,
551 1551 713 1637 ergastula,
728 1550 864 1615 claustra.

72 1645 219 1728 Cumque
232 1644 407 1722 relaxasset,
422 1647 527 1729 procul
542 1647 607 1728 ipse
621 1647 733 1709 recedit
746 1647 784 1708 ab
797 1647 890 1722 urbe,

70 1740 112 1804 Et
123 1740 224 1826 gravis
235 1741 281 1801 ira
293 1740 381 1824 fugit,
396 1742 454 1802 sibi
467 1742 499 1802 fit
512 1743 605 1801 timor
618 1742 683 1822 ipse
696 1742 817 1817 timori,

74 1833 198 1896 Ordine
212 1855 375 1916 perverso,
390 1848 420 1896 et
433 1855 539 1916 pacem
553 1836 620 1919 fuga
632 1835 738 1917 judicis
751 1848 854 1918 auget,

73 1931 197 1994 desine
212 1929 291 1992 caede
305 1929 412 2011 lupum
425 1930 506 1990 salvo
521 1950 608 2012 grege
621 1942 724 2012 pastor
736 1930 843 2012 abegit.

76 2025 201 2105 Quique
215 2021 399 2084 monasterio
411 2024 549 2103 quotiens
560 2036 737 2104 properaret
750 2025 788 2082 ad
799 2024 924 2097 urbem,

75 2117 147 2180 Sive
161 2119 274 2199 pedem
288 2116 370 2179 cellae
381 2118 455 2177 soris
471 2117 659 2179 adveniendo
673 2116 802 2192 tulisset,

73 2212 209 2296 Agmina
219 2211 368 2270 larvarum
380 2210 569 2292 trepidabant
583 2230 636 2270 ore
648 2222 760 2285 rotatu,

75 2305 199 2368 Etcum
212 2301 362 2366 nescirent
371 2304 479 2385 po'puli
492 2305 651 2366 adventare
665 2317 844 2384 patronum,

74 2398 297 2482 Designabatur
308 2399 421 2482 gemitu
434 2419 553 2478 quoque
567 2397 811 2460 Daemoniorum.

75 2494 309 2575 Adproperante
321 2512 406 2555 sacro
420 2493 582 2574 pendentia
592 2493 730 2553 membra
743 2491 858 2553 videres

75 2587 112 2648 ln
125 2587 256 2650 sublime
269 2587 376 2668 procul
390 2587 504 2648 sublata
518 2608 573 2668 per
584 2607 653 2668 aera
665 2586 742 2648 duci.
812 2615 819 2646 ·,
849 2621 851 2626 -

75 2681 130 2742 Ast
141 2680 219 2741 aiios
229 2681 356 2761 pedibus
368 2681 531 2762 superactis
545 2701 644 2741 rursus
658 2681 690 2740 in
702 2680 793 2742 altum
806 2726 816 2757 ‚

76 2773 117 2834 Et
130 2787 221 2856 caput
232 2773 357 2834 inferius
369 2774 460 2837 veluti
474 2776 511 2836 de
522 2775 603 2835 nube
615 2788 751 2852 ruentes,
802 2823 804 2828 ,

77 2868 148 2931 Nec
157 2881 261 2928 tamen
271 2868 317 2928 his
327 2881 421 2930 vestes
432 2867 562 2930 fluerunt
575 2871 742 2932 verecunda
755 2883 902 2954 tegentes,

80 2959 220 3026 Crimina
233 2961 281 3023 vei
294 2963 402 3023 merita
415 2964 536 3024 edentes
546 2963 601 3024 sub
613 2965 712 3046 judice
726 2965 826 3040 missi,

77 3055 116 3118 Et
128 3077 180 3119 sua
194 3057 365 3139 praecipites
379 3059 513 3120 examine
530 3057 606 3120 facta
619 3058 763 3120 fatentes:

78 3149 131 3216 Ille
144 3151 168 3214 J
170 3171 261 3218 ovem
272 3152 430 3232 stolidum,
445 3152 495 3216 bic
506 3172 537 3215 se
550 3151 658 3216 fatetur
670 3151 826 3228 Anubim,
876 3195 880 3204 ·

838 3266 867 3326 7.
