2222 3844
170 297 211 386 74
431 307 464 360 v.
480 307 516 362 n.
541 306 804 364 nonnnuarr

168 401 295 466 Laetitiae
306 413 378 466 roto
388 400 494 462 reboat
505 399 656 482 praeconia
671 397 806 462 Christo.

168 497 289 560 Judicis
302 497 373 558 inde
386 494 444 556 feri
456 495 585 575 conjunx
596 513 673 576 aegra
687 492 840 570 Avitiani,

167 591 284 678 Dirigit
296 591 333 652 ad
345 602 479 651 sanctum
493 587 594 649 morbi
607 589 757 669 sperando
770 587 930 651 medelam.

168 683 304 746 Vasolei
316 684 445 746 vitreum
456 681 542 743 lance
554 701 638 761 aequa
649 682 858 760 dimidiatum,

168 778 263 840 Unde
276 776 429 841 salutifero
443 773 608 857 depelleret
621 776 917 859 unguine'murburn.

169 872 246 934 Mox
258 892 349 954 super
361 869 526 951 ampullam
539 868 611 930 lecit
620 870 717 932 crucis
730 870 794 952 ipse
807 870 959 953 sigillum,

169 967 273 1050 Surgit
285 967 324 1027 ad
335 984 388 1026 ora
399 964 520 1044 liquor,
532 983 734 1044 spumansque
748 976 883 1024 exaestuat
895 985 1018 1048 unguen
1031 1009 1043 1042 ‚

170 1057 321 1123 Ubertate
333 1078 412 1120 nova
426 1057 520 1118 vitrea
532 1057 587 1117 sub
601 1057 713 1118 cortice
728 1057 888 1134 obortum,

169 1155 287 1218 Etvase
302 1155 333 1214 in
347 1152 426 1215 sicco
439 1170 600 1235 generosus
610 1151 741 1213 nascitur
753 1151 880 1228 humor,

142 1261 146 1271 ’
173 1248 279 1313 Currit
291 1248 323 1308 in
335 1266 491 1309 ascensum
504 1244 556 1324 qui
570 1263 692 1328 vergere
703 1244 788 1306 novit
801 1247 839 1305 ad
849 1245 966 1324 imum,

170 1343 319 1404 Floribus
330 1353 359 1403 et
373 1339 494 1419 liquidis
507 1339 568 1399 olei
579 1339 656 1419 petit
667 1338 766 1400 alveus
779 1339 882 1402 altum.

172 1435 235 1500 Sed
247 1456 339 1517 quem
351 1453 412 1495 non
423 1433 525 1516 gennit
535 1432 618 1492 radix
627 1431 762 1515 oleagina
773 1453 913 1509 succum,

171 1529 242 1593 Nec
254 1528 332 1613 Syra
341 1529 435 1589 bacca
447 1527 530 1586 dedit
542 1525 652 1586 merito
665 1525 781 1586 virtutis
794 1526 948 1602 adultum,

175 1623 294 1687 Crescit
307 1635 337 1682 et
348 1622 387 1680 ad
398 1639 552 1680 summum
565 1617 669 1700 patulo
683 1638 742 1699 qua
754 1619 900 1682 clauditur
913 1643 977 1683 ore.

171 1717 243 1781 Nec
256 1727 414 1779 contentus
425 1713 484 1796 agit
494 1712 613 1792 liquor,
630 1726 662 1773 nt
676 1734 725 1774 vas
737 1713 853 1796 expleat
862 1711 955 1775 illud:
1025 1703 1028 1708 Δ

173 1811 258 1874 Nam
272 1807 422 1873 cumulata
435 1805 496 1868 olei
509 1825 580 1870 mox
591 1804 695 1867 defluit
708 1809 788 1868 unda
799 1829 948 1889 superne,

172 1902 244 1967 Nec
255 1923 318 1965 sese
331 1921 407 1963 urna
420 1900 518 1982 capit,
532 1913 614 1962 tanta
627 1913 670 1963 est
684 1901 856 1964 benedictio
871 1903 1003 1982 dextrae,

173 1998 395 2082 Exundansque
409 2013 515 2056 omnes
526 1993 614 2076 pueri
627 1994 787 2055 madefecit
799 1995 944 2073 amictus,

174 2091 218 2154 Et
233 2090 317 2174 digiti
327 2090 364 2150 de
377 2088 460 2150 sonte
473 2088 571 2172 rigans
584 2088 717 2149 manavit
728 2086 859 2166 olivum,

174 2187 223 2250 Ac
232 2197 391 2268 postquam
404 2183 522 2266 irriguae
535 2181 647 2243 lluviali
660 2202 747 2243 more
761 2184 894 2246 cucurrit

175 2282 240 2343 Vas
253 2279 379 2362 plenum
391 2278 461 2339 lidei
476 2277 586 2339 merito
598 2290 737 2338 matrona
750 2278 875 2359 recepit.

176 2375 247 2438 Nec
260 2374 359 2434 minus
370 2372 441 2433 inde
453 2371 533 2433 subit
544 2392 646 2434 rerum
658 2370 817 2433 admiratio
830 2371 919 2449 lacti,

176 2471 323 2540 ldemtas
334 2466 465 2528 vitreum
477 2465 671 2528 benedictum
683 2465 787 2527 nobile
799 2467 946 2544 reddens,

181 2562 263 2627 Cum
277 2581 353 2644 puer
364 2561 499 2622 incautus
511 2560 659 2641 posuisset
672 2562 704 2622 in
717 2580 771 2621 ore
785 2560 938 2638 fenestrae,

179 2656 299 2738 Utpote
313 2653 454 2716 carbaseo
466 2673 612 2716 venerans
626 2654 774 2716 velamine
783 2666 915 2731 tectum,

179 2749 290 2812 Lintea
300 2748 372 2807 dum
384 2746 508 2810 retrahit
516 2745 662 2809 fluitantia
675 2747 792 2810 nescius
803 2746 897 2824 alter,

179 2843 280 2925 Lapsa
292 2839 467 2922 pavimento
479 2840 613 2923 ampulla
624 2853 680 2903 stat
692 2861 846 2902 marmore
857 2853 954 2902 tenso.

182 2936 245 3001 Sed
257 2956 314 2997 nec
326 2954 393 3004 sarta
404 2935 516 2998 vitrum
530 2937 675 3019 perdunt,
685 2955 742 2998 nec
754 2955 823 2999 vasa
834 2935 1005 3017 liquorem,

179 3031 301 3114 Integra
313 3043 446 3092 servatur
457 3030 584 3093 volitans
598 3029 682 3110 qnasi
694 3029 811 3111 pensile
822 3030 942 3113 pluma,

181 3127 245 3193 Aut
253 3124 393 3194 subvecta
405 3123 478 3189 levis
486 3123 618 3211 geminis
630 3124 824 3196 descenderet
837 3123 909 3200 alis,
