2218 3862
291 353 533 409 rounnrun
553 355 678 410 urnsn
699 357 735 412 x.
902 346 964 432 329

76 455 266 520 Abstinuisse
280 455 355 517 cibis
368 455 459 516 etiam
471 477 524 518 vos
538 457 602 538 ipse
616 454 761 537 probavi,

120 550 163 611 Et
176 549 258 631 quasi
271 568 329 629 pro
338 551 425 611 robis
438 563 481 611 cst
492 550 568 610 mibi
582 551 657 612 lacta
670 551 774 610 sames.

79 645 201 720 Audio,
215 663 338 704 somnus
351 644 432 704 iners
445 644 593 705 radiantes
607 644 715 726 pressit
726 639 858 720 ocellos,

122 739 189 799 Ab!
204 737 312 798 nimias
325 750 429 799 noctes
441 739 606 818 anticipare
619 738 732 800 volens.

84 833 146 898 Cui
158 853 221 892 non
233 831 382 893 sufficiant
395 831 458 894 baec
468 843 606 913 tempora
611 831 708 914 ,longa
721 830 847 911 quietis,

127 925 208 990 Cum
221 945 319 1009 prope
332 944 392 985 nox
404 937 502 986 teneat
515 926 596 1003 quod
608 923 758 1006 duplicata
771 924 846 986 dies.

83 1019 201 1085 Nubila
213 1031 318 1082 cuncta
328 1031 447 1102 tegunt,
460 1040 518 1081 nec
531 1019 602 1080 luna
612 1039 669 1080 nec
681 1031 759 1078 astra
772 1018 926 1095 videntur,

127 1112 163 1176 si
175 1114 216 1175 sis
227 1113 293 1172 laeta
303 1113 423 1188 animo,
436 1133 486 1173 me
497 1113 615 1174 nebulae
627 1111 752 1195 lugiunt.

86 1208 206 1272 Gaudia
218 1225 288 1268 vera
299 1205 395 1282 colat,
410 1226 475 1286 quaa
487 1225 543 1266 nos
555 1207 619 1268 baec
629 1207 760 1267 scribere
773 1204 875 1287 jussit,

126 1301 170 1364 Et
181 1313 280 1364 tecum
291 1300 388 1362 faveat
399 1302 486 1362 ducta
498 1300 552 1360 sub
566 1320 635 1362 arce
647 1299 721 1381 poli.

369 1431 405 1482 V.
427 1431 482 1481 AD
502 1428 689 1484 EANDEM.

89 1509 225 1595 Mareu
236 1525 354 1588 bonore
366 1528 461 1605 mibi,
476 1548 563 1590 soror
576 1541 676 1590 amem
690 1526 784 1588 dulcis
796 1545 919 1602 amore,

133 1623 238 1702 Quam
249 1621 379 1703 pietate,
391 1623 466 1699 fide,
482 1635 624 1704 pectore,
637 1623 728 1684 corde
742 1620 821 1683 colo.

2 1763 4 1818 3
94 1715 218 1782 Coelesti
230 1715 357 1790 affectu,
371 1736 434 1776 non
448 1716 576 1779 crimine
590 1714 726 1798 corporis
739 1713 817 1791 ullo,

133 1809 209 1872 Non
221 1827 309 1884 caro,
324 1811 376 1869 sed
387 1809 445 1873 hoc
458 1811 539 1890 quod
552 1810 673 1890 spiritus
687 1821 786 1891 optat,
800 1821 880 1868 amo.

94 1902 192 1966 Testis
205 1901 286 1962 adest
300 1899 437 1964 Christus
449 1901 543 1965 Petro
558 1902 713 1983 Pauloque
726 1903 891 1978 ministris,

138 1994 279 2074 Cumque
292 1995 351 2078 piis
364 1997 453 2058 sociis
466 2011 566 2059 sancta
580 1997 680 2058 Maria
693 1998 791 2073 videt,

94 2088 143 2153 Te
154 2088 230 2150 mibi
240 2110 302 2150 non
316 2088 383 2149 aliis
396 2089 491 2150 oculis
504 2091 665 2169 animoque
678 2089 787 2165 fuisse,

139 2183 243 2262 Quam
256 2202 345 2242 soror
355 2202 391 2242 ex
401 2195 487 2243 utero
502 2196 533 2243 tu
546 2181 667 2243 Titiana
678 2183 769 2242 sores.

96 2277 144 2341 Ac
157 2277 183 2338 si
195 2297 255 2338 uno
266 2288 354 2357 parto
367 2289 465 2337 mater
479 2274 671 2360 Radegundis
684 2287 840 2356 utrosque,

140 2371 317 2434 Visceribus
329 2371 415 2433 castis
427 2370 649 2454 progenuisset,
664 2389 756 2429 eram.

97 2464 140 2528 Et
152 2477 293 2545 tanquam
304 2464 419 2546 pariter
430 2485 487 2525 nos
499 2465 592 2525 ubera
605 2485 672 2526 cara
683 2464 778 2525 beatae

142 2558 297 2619 Pavissent
308 2579 369 2619 uno
383 2558 459 2620 lacte
472 2556 583 2618 fluente
597 2559 682 2618 duos.

100 2651 175 2714 Heu
187 2670 256 2712 mea
268 2653 376 2713 damna
389 2672 495 2736 gemo,
509 2652 590 2713 tenui
602 2674 640 2713 ne
655 2652 732 2713 forte
747 2641 867 2713 susurro

144 2745 316 2827 Impediant
329 2767 449 2808 sensum
461 2746 566 2807 mollia
580 2748 671 2808 verba
682 2767 795 2808 meum.

104 2839 167 2902 Sed
179 2853 282 2901 tamen
295 2853 340 2900 est
350 2840 468 2902 animus
479 2839 572 2902 simili
586 2861 637 2902 mc
650 2841 750 2904 vivere
761 2851 852 2916 voto,

147 2932 181 2996 si
194 2955 248 2996 vos
260 2954 311 2994 me
321 2933 402 2995 dulci
415 2934 503 2996 vultis
517 2954 621 2998 amore
635 2935 705 2997 coli.

381 3063 429 3116 v1.
450 3063 505 3114 An
528 3063 719 3115 sunnon.
766 3133 768 3137 ι

1 3257 4 3314 ,
106 3153 201 3254 Qun
215 3195 290 3240 carae
303 3174 412 3254 matri,
426 3175 491 3258 quae
504 3174 601 3241 dulcia
616 3176 835 3253 verbosanti,

796 3269 846 3332 28.
