<?xml version="1.0" encoding="UTF-8"?>
<!DOCTYPE html PUBLIC "-//W3C//DTD XHTML 1.0 Transitional//EN"
    "http://www.w3.org/TR/xhtml1/DTD/xhtml1-transitional.dtd">
<html xmlns="http://www.w3.org/1999/xhtml" xml:lang="en" lang="en">
 <head>
  <title>
</title>
<meta http-equiv="Content-Type" content="text/html;charset=utf-8" />
  <meta name='ocr-system' content='tesseract 3.04.00' />
  <meta name='ocr-capabilities' content='ocr_page ocr_carea ocr_par ocr_line ocrx_word'/>
</head>
<body>
  <div class='ocr_page' id='page_1' title='image "./venantiihonorii00unkngoog_0217.png"; bbox 0 0 2222 3852; ppageno 0'>
   <div class='ocr_carea' id='block_1_1' title="bbox 289 389 953 450">
    <p class='ocr_par' dir='ltr' id='par_1_1' title="bbox 289 389 953 450">
     <span class='ocr_line' id='line_1_1' title="bbox 289 389 953 450; baseline -0.006 -4"><span class='ocrx_word' id='word_1_1' title='bbox 289 389 528 446; x_wconf 82' lang='lat' dir='ltr'><strong>POEMATUM</strong></span> <span class='ocrx_word' id='word_1_2' title='bbox 551 391 679 448; x_wconf 79' lang='lat' dir='ltr'><strong>LIBER</strong></span> <span class='ocrx_word' id='word_1_3' title='bbox 701 396 736 450; x_wconf 80' lang='lat' dir='ltr'>V·</span> <span class='ocrx_word' id='word_1_4' title='bbox 893 401 953 443; x_wconf 64' lang='grc' dir='ltr'>ποι</span> 
     </span>
    </p>
   </div>
   <div class='ocr_carea' id='block_1_2' title="bbox 44 483 973 3204">
    <p class='ocr_par' dir='ltr' id='par_1_2' title="bbox 44 483 973 3204">
     <span class='ocr_line' id='line_1_2' title="bbox 46 483 921 570; baseline 0.001 -22"><span class='ocrx_word' id='word_1_5' title='bbox 46 487 174 569; x_wconf 80' lang='lat' dir='ltr'>Quam</span> <span class='ocrx_word' id='word_1_6' title='bbox 187 483 291 548; x_wconf 83' lang='lat' dir='ltr'>Nabis</span> <span class='ocrx_word' id='word_1_7' title='bbox 304 506 373 548; x_wconf 92' lang='lat' dir='ltr'>ecce</span> <span class='ocrx_word' id='word_1_8' title='bbox 386 485 510 567; x_wconf 80' lang='lat' dir='ltr'>probat,</span> <span class='ocrx_word' id='word_1_9' title='bbox 524 483 692 570; x_wconf 82' lang='lat' dir='ltr'>Thoriugia</span> <span class='ocrx_word' id='word_1_10' title='bbox 704 486 782 549; x_wconf 87' lang='lat' dir='ltr'>victa</span> <span class='ocrx_word' id='word_1_11' title='bbox 795 484 921 566; x_wconf 83' lang='lat' dir='ltr'>latetur,</span> 
     </span>
     <span class='ocr_line' id='line_1_3' title="bbox 45 579 854 664; baseline 0 -20"><span class='ocrx_word' id='word_1_12' title='bbox 45 581 239 644; x_wconf 89' lang='lat' dir='ltr'>Perficiens</span> <span class='ocrx_word' id='word_1_13' title='bbox 250 600 346 640; x_wconf 87' lang='lat' dir='ltr'>nnurn</span> <span class='ocrx_word' id='word_1_14' title='bbox 358 579 478 661; x_wconf 87' lang='lat' dir='ltr'>gemina</span> <span class='ocrx_word' id='word_1_15' title='bbox 491 581 527 641; x_wconf 88' lang='lat' dir='ltr'>de</span> <span class='ocrx_word' id='word_1_16' title='bbox 541 593 642 642; x_wconf 90' lang='lat' dir='ltr'>mente</span> <span class='ocrx_word' id='word_1_17' title='bbox 657 581 854 664; x_wconf 87' lang='lat' dir='ltr'>triumphum.</span> 
     </span>
     <span class='ocr_line' id='line_1_4' title="bbox 44 671 754 755; baseline -0.004 -16"><span class='ocrx_word' id='word_1_18' title='bbox 44 675 130 739; x_wconf 84' lang='lat' dir='ltr'>Nec</span> <span class='ocrx_word' id='word_1_19' title='bbox 145 673 376 736; x_wconf 89' lang='lat' dir='ltr'>Dictheuberto</span> <span class='ocrx_word' id='word_1_20' title='bbox 390 672 484 755; x_wconf 87' lang='lat' dir='ltr'>pietas</span> <span class='ocrx_word' id='word_1_21' title='bbox 497 671 626 735; x_wconf 78' lang='lat' dir='ltr'>venialia</span> <span class='ocrx_word' id='word_1_22' title='bbox 639 676 754 754; x_wconf 88' lang='lat' dir='ltr'>pendit.</span> 
     </span>
     <span class='ocr_line' id='line_1_5' title="bbox 49 767 810 848; baseline 0 -17"><span class='ocrx_word' id='word_1_23' title='bbox 49 770 122 832; x_wconf 89' lang='lat' dir='ltr'>lste</span> <span class='ocrx_word' id='word_1_24' title='bbox 137 770 222 830; x_wconf 86' lang='lat' dir='ltr'>duos</span> <span class='ocrx_word' id='word_1_25' title='bbox 234 767 348 843; x_wconf 81' lang='lat' dir='ltr'><strong>reddit,</strong></span> <span class='ocrx_word' id='word_1_26' title='bbox 363 787 421 848; x_wconf 94' lang='lat' dir='ltr'>pro</span> <span class='ocrx_word' id='word_1_27' title='bbox 435 769 582 829; x_wconf 89' lang='lat' dir='ltr'>ambobus</span> <span class='ocrx_word' id='word_1_28' title='bbox 595 768 704 831; x_wconf 84' lang='lat' dir='ltr'>sufficit</span> <span class='ocrx_word' id='word_1_29' title='bbox 717 790 810 846; x_wconf 85' lang='lat' dir='ltr'>unus,</span> 
     </span>
     <span class='ocr_line' id='line_1_6' title="bbox 58 860 811 945; baseline -0.003 -19"><span class='ocrx_word' id='word_1_30' title='bbox 58 861 216 926; x_wconf 86' lang='lat' dir='ltr'>Cardinis</span> <span class='ocrx_word' id='word_1_31' title='bbox 229 861 347 923; x_wconf 91' lang='lat' dir='ltr'>occidui</span> <span class='ocrx_word' id='word_1_32' title='bbox 361 862 520 922; x_wconf 88' lang='lat' dir='ltr'>dominans</span> <span class='ocrx_word' id='word_1_33' title='bbox 532 862 564 923; x_wconf 92' lang='lat' dir='ltr'>in</span> <span class='ocrx_word' id='word_1_34' title='bbox 578 860 653 924; x_wconf 83' lang='lat' dir='ltr'>llore</span> <span class='ocrx_word' id='word_1_35' title='bbox 666 865 811 945; x_wconf 85' lang='lat' dir='ltr'>juventae,</span> 
     </span>
     <span class='ocr_line' id='line_1_7' title="bbox 50 956 938 1042; baseline 0.001 -21"><span class='ocrx_word' id='word_1_36' title='bbox 50 959 135 1021; x_wconf 83' lang='lat' dir='ltr'>Jam</span> <span class='ocrx_word' id='word_1_37' title='bbox 152 956 304 1042; x_wconf 80' lang='lat' dir='ltr'>gravitate</span> <span class='ocrx_word' id='word_1_38' title='bbox 317 976 442 1032; x_wconf 82' lang='lat' dir='ltr'>senum,</span> <span class='ocrx_word' id='word_1_39' title='bbox 456 969 635 1037; x_wconf 91' lang='lat' dir='ltr'>tenerosque</span> <span class='ocrx_word' id='word_1_40' title='bbox 649 958 822 1040; x_wconf 87' lang='lat' dir='ltr'>supervenit</span> <span class='ocrx_word' id='word_1_41' title='bbox 835 959 938 1036; x_wconf 87' lang='lat' dir='ltr'>annis,</span> 
     </span>
     <span class='ocr_line' id='line_1_8' title="bbox 51 1051 727 1137; baseline -0.003 -23"><span class='ocrx_word' id='word_1_42' title='bbox 51 1054 181 1137; x_wconf 80' lang='lat' dir='ltr'>Legem</span> <span class='ocrx_word' id='word_1_43' title='bbox 196 1063 313 1111; x_wconf 85' lang='lat' dir='ltr'>naturae</span> <span class='ocrx_word' id='word_1_44' title='bbox 324 1051 436 1112; x_wconf 91' lang='lat' dir='ltr'>meruit</span> <span class='ocrx_word' id='word_1_45' title='bbox 448 1053 619 1132; x_wconf 76' lang='lat' dir='ltr'>praecedere</span> <span class='ocrx_word' id='word_1_46' title='bbox 632 1052 727 1114; x_wconf 88' lang='lat' dir='ltr'>sactis.</span> 
     </span>
     <span class='ocr_line' id='line_1_9' title="bbox 59 1143 918 1228; baseline 0.002 -21"><span class='ocrx_word' id='word_1_47' title='bbox 59 1145 224 1227; x_wconf 83' lang='lat' dir='ltr'>Quamvis</span> <span class='ocrx_word' id='word_1_48' title='bbox 237 1163 329 1224; x_wconf 83' lang='lat' dir='ltr'>parra</span> <span class='ocrx_word' id='word_1_49' title='bbox 341 1156 441 1205; x_wconf 88' lang='lat' dir='ltr'>tamen</span> <span class='ocrx_word' id='word_1_50' title='bbox 454 1143 572 1206; x_wconf 89' lang='lat' dir='ltr'>nullum</span> <span class='ocrx_word' id='word_1_51' title='bbox 585 1145 688 1206; x_wconf 90' lang='lat' dir='ltr'>minor</span> <span class='ocrx_word' id='word_1_52' title='bbox 701 1146 831 1228; x_wconf 87' lang='lat' dir='ltr'>impedit</span> <span class='ocrx_word' id='word_1_53' title='bbox 840 1159 918 1209; x_wconf 85' lang='lat' dir='ltr'>aetas.</span> 
     </span>
     <span class='ocr_line' id='line_1_10' title="bbox 56 1239 835 1323; baseline -0.004 -18"><span class='ocrx_word' id='word_1_54' title='bbox 56 1239 131 1323; x_wconf 83' lang='lat' dir='ltr'>Qui</span> <span class='ocrx_word' id='word_1_55' title='bbox 147 1261 275 1303; x_wconf 88' lang='lat' dir='ltr'>sensum</span> <span class='ocrx_word' id='word_1_56' title='bbox 288 1251 404 1301; x_wconf 88' lang='lat' dir='ltr'>mature</span> <span class='ocrx_word' id='word_1_57' title='bbox 417 1239 511 1322; x_wconf 82' lang='lat' dir='ltr'>gerit,</span> <span class='ocrx_word' id='word_1_58' title='bbox 525 1240 701 1323; x_wconf 82' lang='lat' dir='ltr'>generosior</span> <span class='ocrx_word' id='word_1_59' title='bbox 713 1239 763 1303; x_wconf 84' lang='lat' dir='ltr'>ltic</span> <span class='ocrx_word' id='word_1_60' title='bbox 775 1252 835 1317; x_wconf 83' lang='lat' dir='ltr'>est,</span> 
     </span>
     <span class='ocr_line' id='line_1_11' title="bbox 56 1333 795 1418; baseline -0.005 -20"><span class='ocrx_word' id='word_1_61' title='bbox 56 1335 222 1418; x_wconf 86' lang='lat' dir='ltr'><strong>Quisquis</strong></span> <span class='ocrx_word' id='word_1_62' title='bbox 236 1334 267 1394; x_wconf 92' lang='lat' dir='ltr'>in</span> <span class='ocrx_word' id='word_1_63' title='bbox 283 1346 404 1417; x_wconf 85' lang='lat' dir='ltr'>angusto</span> <span class='ocrx_word' id='word_1_64' title='bbox 417 1333 507 1395; x_wconf 85' lang='lat' dir='ltr'>fuerit</span> <span class='ocrx_word' id='word_1_65' title='bbox 520 1333 708 1395; x_wconf 71' lang='lat' dir='ltr'>moderatior</span> <span class='ocrx_word' id='word_1_66' title='bbox 720 1354 795 1395; x_wconf 85' lang='lat' dir='ltr'>aevo.</span> 
     </span>
     <span class='ocr_line' id='line_1_12' title="bbox 58 1427 819 1510; baseline -0.008 -16"><span class='ocrx_word' id='word_1_67' title='bbox 58 1429 120 1494; x_wconf 88' lang='lat' dir='ltr'>Sic</span> <span class='ocrx_word' id='word_1_68' title='bbox 133 1429 224 1490; x_wconf 86' lang='lat' dir='ltr'>soret</span> <span class='ocrx_word' id='word_1_69' title='bbox 234 1429 286 1491; x_wconf 90' lang='lat' dir='ltr'>hic</span> <span class='ocrx_word' id='word_1_70' title='bbox 297 1427 428 1510; x_wconf 88' lang='lat' dir='ltr'>populos</span> <span class='ocrx_word' id='word_1_71' title='bbox 439 1427 513 1508; x_wconf 87' lang='lat' dir='ltr'>ipsis</span> <span class='ocrx_word' id='word_1_72' title='bbox 526 1427 705 1489; x_wconf 73' lang='lat' dir='ltr'>intrantibus</span> <span class='ocrx_word' id='word_1_73' title='bbox 718 1428 819 1504; x_wconf 87' lang='lat' dir='ltr'>annis,</span> 
     </span>
     <span class='ocr_line' id='line_1_13' title="bbox 59 1520 973 1607; baseline -0.002 -23"><span class='ocrx_word' id='word_1_74' title='bbox 59 1523 118 1584; x_wconf 72' lang='lat' dir='ltr'>tte</span> <span class='ocrx_word' id='word_1_75' title='bbox 127 1536 220 1605; x_wconf 90' lang='lat' dir='ltr'>pater</span> <span class='ocrx_word' id='word_1_76' title='bbox 232 1534 262 1585; x_wconf 91' lang='lat' dir='ltr'>et</span> <span class='ocrx_word' id='word_1_77' title='bbox 272 1543 322 1584; x_wconf 85' lang='lat' dir='ltr'>rex</span> <span class='ocrx_word' id='word_1_78' title='bbox 336 1522 389 1595; x_wconf 88' lang='lat' dir='ltr'>sit;</span> <span class='ocrx_word' id='word_1_79' title='bbox 405 1520 521 1582; x_wconf 91' lang='lat' dir='ltr'>nullum</span> <span class='ocrx_word' id='word_1_80' title='bbox 534 1522 663 1606; x_wconf 82' lang='lat' dir='ltr'>graviter</span> <span class='ocrx_word' id='word_1_81' title='bbox 677 1523 767 1607; x_wconf 84' lang='lat' dir='ltr'>regit,</span> <span class='ocrx_word' id='word_1_82' title='bbox 781 1522 868 1583; x_wconf 90' lang='lat' dir='ltr'>omni</span> <span class='ocrx_word' id='word_1_83' title='bbox 970 1594 973 1606; x_wconf 26' lang='grc' dir='ltr'>ἱ</span> 
     </span>
     <span class='ocr_line' id='line_1_14' title="bbox 65 1611 973 1701; baseline -0.003 -19"><span class='ocrx_word' id='word_1_84' title='bbox 65 1618 171 1682; x_wconf 80' lang='lat' dir='ltr'>Nulla</span> <span class='ocrx_word' id='word_1_85' title='bbox 183 1619 249 1680; x_wconf 92' lang='lat' dir='ltr'>dies</span> <span class='ocrx_word' id='word_1_86' title='bbox 262 1618 326 1680; x_wconf 83' lang='lat' dir='ltr'>sine</span> <span class='ocrx_word' id='word_1_87' title='bbox 341 1617 423 1701; x_wconf 84' lang='lat' dir='ltr'>fruge</span> <span class='ocrx_word' id='word_1_88' title='bbox 436 1616 535 1694; x_wconf 86' lang='lat' dir='ltr'>venit,</span> <span class='ocrx_word' id='word_1_89' title='bbox 551 1617 609 1678; x_wconf 90' lang='lat' dir='ltr'>nisi</span> <span class='ocrx_word' id='word_1_90' title='bbox 623 1638 754 1701; x_wconf 83' lang='lat' dir='ltr'>congrua</span> <span class='ocrx_word' id='word_1_91' title='bbox 766 1630 902 1700; x_wconf 80' lang='lat' dir='ltr'>praestet,</span> <span class='ocrx_word' id='word_1_92' title='bbox 971 1611 973 1620; x_wconf 67' lang='grc'>’</span> 
     </span>
     <span class='ocr_line' id='line_1_15' title="bbox 64 1711 863 1800; baseline -0.003 -25"><span class='ocrx_word' id='word_1_93' title='bbox 64 1711 209 1775; x_wconf 86' lang='lat' dir='ltr'>Perdere</span> <span class='ocrx_word' id='word_1_94' title='bbox 221 1711 309 1792; x_wconf 86' lang='lat' dir='ltr'>plura</span> <span class='ocrx_word' id='word_1_95' title='bbox 322 1723 423 1793; x_wconf 82' lang='lat' dir='ltr'>putat,</span> <span class='ocrx_word' id='word_1_96' title='bbox 438 1711 463 1772; x_wconf 93' lang='lat' dir='ltr'>si</span> <span class='ocrx_word' id='word_1_97' title='bbox 476 1732 539 1776; x_wconf 92' lang='lat' dir='ltr'>non</span> <span class='ocrx_word' id='word_1_98' title='bbox 553 1713 732 1774; x_wconf 86' lang='lat' dir='ltr'>concesserit</span> <span class='ocrx_word' id='word_1_99' title='bbox 745 1712 863 1800; x_wconf 73' lang='lat' dir='ltr'>ampla,</span> 
     </span>
     <span class='ocr_line' id='line_1_16' title="bbox 63 1805 750 1885; baseline -0.006 -13"><span class='ocrx_word' id='word_1_100' title='bbox 63 1808 198 1872; x_wconf 85' lang='lat' dir='ltr'>Gaudia</span> <span class='ocrx_word' id='word_1_101' title='bbox 211 1807 353 1867; x_wconf 82' lang='lat' dir='ltr'>diffundit</span> <span class='ocrx_word' id='word_1_102' title='bbox 366 1805 493 1867; x_wconf 84' lang='lat' dir='ltr'>radianti</span> <span class='ocrx_word' id='word_1_103' title='bbox 507 1805 622 1867; x_wconf 89' lang='lat' dir='ltr'>lumine</span> <span class='ocrx_word' id='word_1_104' title='bbox 633 1807 750 1885; x_wconf 73' lang='lat' dir='ltr'>vultus,</span> 
     </span>
     <span class='ocr_line' id='line_1_17' title="bbox 62 1899 878 1986; baseline -0.001 -21"><span class='ocrx_word' id='word_1_105' title='bbox 62 1900 193 1965; x_wconf 78' lang='lat' dir='ltr'>Nubila</span> <span class='ocrx_word' id='word_1_106' title='bbox 206 1900 290 1961; x_wconf 86' lang='lat' dir='ltr'>nulla</span> <span class='ocrx_word' id='word_1_107' title='bbox 300 1912 422 1985; x_wconf 81' lang='lat' dir='ltr'>gravant</span> <span class='ocrx_word' id='word_1_108' title='bbox 434 1899 583 1982; x_wconf 87' lang='lat' dir='ltr'>populum</span> <span class='ocrx_word' id='word_1_109' title='bbox 597 1901 652 1962; x_wconf 86' lang='lat' dir='ltr'>sub</span> <span class='ocrx_word' id='word_1_110' title='bbox 665 1922 734 1986; x_wconf 84' lang='lat' dir='ltr'>rege</span> <span class='ocrx_word' id='word_1_111' title='bbox 748 1922 878 1981; x_wconf 74' lang='lat' dir='ltr'>sereno,</span> 
     </span>
     <span class='ocr_line' id='line_1_18' title="bbox 66 1993 744 2077; baseline -0.003 -19"><span class='ocrx_word' id='word_1_112' title='bbox 66 1995 205 2060; x_wconf 88' lang='lat' dir='ltr'>Pectore</span> <span class='ocrx_word' id='word_1_113' title='bbox 220 2007 338 2055; x_wconf 86' lang='lat' dir='ltr'>maturo</span> <span class='ocrx_word' id='word_1_114' title='bbox 352 1993 454 2076; x_wconf 86' lang='lat' dir='ltr'>culpas</span> <span class='ocrx_word' id='word_1_115' title='bbox 467 1994 600 2077; x_wconf 82' lang='lat' dir='ltr'>indulget</span> <span class='ocrx_word' id='word_1_116' title='bbox 613 1995 744 2057; x_wconf 84' lang='lat' dir='ltr'>acerbas.</span> 
     </span>
     <span class='ocr_line' id='line_1_19' title="bbox 64 2088 850 2173; baseline -0.003 -20"><span class='ocrx_word' id='word_1_117' title='bbox 64 2090 167 2153; x_wconf 89' lang='lat' dir='ltr'>Unde</span> <span class='ocrx_word' id='word_1_118' title='bbox 179 2088 234 2150; x_wconf 82' lang='lat' dir='ltr'>alii</span> <span class='ocrx_word' id='word_1_119' title='bbox 247 2101 389 2171; x_wconf 88' lang='lat' dir='ltr'>peccant,</span> <span class='ocrx_word' id='word_1_120' title='bbox 404 2090 585 2172; x_wconf 84' lang='lat' dir='ltr'>ignoscendo</span> <span class='ocrx_word' id='word_1_121' title='bbox 598 2090 652 2150; x_wconf 90' lang='lat' dir='ltr'>iste</span> <span class='ocrx_word' id='word_1_122' title='bbox 665 2089 850 2173; x_wconf 86' lang='lat' dir='ltr'>triumphat,</span> 
     </span>
     <span class='ocr_line' id='line_1_20' title="bbox 63 2183 965 2267; baseline -0.01 -18"><span class='ocrx_word' id='word_1_123' title='bbox 63 2185 194 2248; x_wconf 83' lang='lat' dir='ltr'>Doctus</span> <span class='ocrx_word' id='word_1_124' title='bbox 208 2183 309 2260; x_wconf 85' lang='lat' dir='ltr'>enim,</span> <span class='ocrx_word' id='word_1_125' title='bbox 325 2183 468 2263; x_wconf 86' lang='lat' dir='ltr'>quoniam</span> <span class='ocrx_word' id='word_1_126' title='bbox 482 2183 581 2265; x_wconf 88' lang='lat' dir='ltr'>prima</span> <span class='ocrx_word' id='word_1_127' title='bbox 594 2195 637 2243; x_wconf 90' lang='lat' dir='ltr'>est</span> <span class='ocrx_word' id='word_1_128' title='bbox 650 2183 682 2244; x_wconf 92' lang='lat' dir='ltr'>in</span> <span class='ocrx_word' id='word_1_129' title='bbox 696 2183 835 2267; x_wconf 88' lang='lat' dir='ltr'>principe</span> <span class='ocrx_word' id='word_1_130' title='bbox 852 2183 943 2245; x_wconf 87' lang='lat' dir='ltr'>virtus</span> <span class='ocrx_word' id='word_1_131' title='bbox 951 2197 965 2262; x_wconf 69' lang='grc' dir='ltr'>,ἴ</span> 
     </span>
     <span class='ocr_line' id='line_1_21' title="bbox 69 2276 901 2360; baseline -0.001 -20"><span class='ocrx_word' id='word_1_132' title='bbox 69 2277 149 2340; x_wconf 85' lang='lat' dir='ltr'>Esse</span> <span class='ocrx_word' id='word_1_133' title='bbox 163 2278 253 2360; x_wconf 90' lang='lat' dir='ltr'>pium</span> <span class='ocrx_word' id='word_1_134' title='bbox 267 2300 275 2337; x_wconf 91' lang='lat'>:</span> <span class='ocrx_word' id='word_1_135' title='bbox 289 2279 357 2357; x_wconf 87' lang='lat' dir='ltr'>quia</span> <span class='ocrx_word' id='word_1_136' title='bbox 371 2297 494 2359; x_wconf 90' lang='lat' dir='ltr'>semper</span> <span class='ocrx_word' id='word_1_137' title='bbox 503 2276 593 2338; x_wconf 87' lang='lat' dir='ltr'>hahet</span> <span class='ocrx_word' id='word_1_138' title='bbox 607 2277 658 2357; x_wconf 91' lang='lat' dir='ltr'>qui</span> <span class='ocrx_word' id='word_1_139' title='bbox 670 2298 793 2358; x_wconf 86' lang='lat' dir='ltr'>parcere</span> <span class='ocrx_word' id='word_1_140' title='bbox 807 2278 901 2339; x_wconf 89' lang='lat' dir='ltr'>novit.</span> 
     </span>
     <span class='ocr_line' id='line_1_22' title="bbox 70 2370 894 2456; baseline -0.005 -20"><span class='ocrx_word' id='word_1_141' title='bbox 70 2370 218 2456; x_wconf 82' lang='lat' dir='ltr'>Corrigit</span> <span class='ocrx_word' id='word_1_142' title='bbox 227 2372 258 2430; x_wconf 90' lang='lat' dir='ltr'>in</span> <span class='ocrx_word' id='word_1_143' title='bbox 270 2392 301 2432; x_wconf 86' lang='lat' dir='ltr'>se</span> <span class='ocrx_word' id='word_1_144' title='bbox 315 2372 398 2452; x_wconf 89' lang='lat' dir='ltr'>prius</span> <span class='ocrx_word' id='word_1_145' title='bbox 409 2372 490 2451; x_wconf 90' lang='lat' dir='ltr'>quod</span> <span class='ocrx_word' id='word_1_146' title='bbox 503 2370 600 2451; x_wconf 91' lang='lat' dir='ltr'>poscit</span> <span class='ocrx_word' id='word_1_147' title='bbox 613 2383 645 2431; x_wconf 92' lang='lat' dir='ltr'>ut</span> <span class='ocrx_word' id='word_1_148' title='bbox 655 2370 731 2431; x_wconf 86' lang='lat' dir='ltr'>alter</span> <span class='ocrx_word' id='word_1_149' title='bbox 743 2371 894 2432; x_wconf 84' lang='lat' dir='ltr'>emendet.</span> 
     </span>
     <span class='ocr_line' id='line_1_23' title="bbox 68 2463 890 2548; baseline -0.005 -20"><span class='ocrx_word' id='word_1_150' title='bbox 68 2467 146 2548; x_wconf 87' lang='lat' dir='ltr'>Qui</span> <span class='ocrx_word' id='word_1_151' title='bbox 158 2465 218 2527; x_wconf 80' lang='lat' dir='ltr'>sibi</span> <span class='ocrx_word' id='word_1_152' title='bbox 230 2485 355 2527; x_wconf 83' lang='lat' dir='ltr'>censura</span> <span class='ocrx_word' id='word_1_153' title='bbox 366 2477 425 2541; x_wconf 87' lang='lat' dir='ltr'>est,</span> <span class='ocrx_word' id='word_1_154' title='bbox 439 2464 573 2544; x_wconf 90' lang='lat' dir='ltr'>reliquos</span> <span class='ocrx_word' id='word_1_155' title='bbox 583 2463 661 2526; x_wconf 91' lang='lat' dir='ltr'>bene</span> <span class='ocrx_word' id='word_1_156' title='bbox 675 2464 739 2548; x_wconf 83' lang='lat' dir='ltr'>lege</span> <span class='ocrx_word' id='word_1_157' title='bbox 752 2476 890 2541; x_wconf 88' lang='lat' dir='ltr'>coercet,</span> 
     </span>
     <span class='ocr_line' id='line_1_24' title="bbox 66 2557 878 2643; baseline -0.006 -19"><span class='ocrx_word' id='word_1_158' title='bbox 66 2560 112 2624; x_wconf 89' lang='lat' dir='ltr'>ln</span> <span class='ocrx_word' id='word_1_159' title='bbox 127 2579 191 2640; x_wconf 87' lang='lat' dir='ltr'>quo</span> <span class='ocrx_word' id='word_1_160' title='bbox 204 2559 293 2643; x_wconf 78' lang='lat' dir='ltr'>digna</span> <span class='ocrx_word' id='word_1_161' title='bbox 303 2571 427 2620; x_wconf 85' lang='lat' dir='ltr'>manent</span> <span class='ocrx_word' id='word_1_162' title='bbox 441 2557 584 2638; x_wconf 89' lang='lat' dir='ltr'>quicquid</span> <span class='ocrx_word' id='word_1_163' title='bbox 598 2558 634 2618; x_wconf 90' lang='lat' dir='ltr'>de</span> <span class='ocrx_word' id='word_1_164' title='bbox 649 2579 718 2640; x_wconf 84' lang='lat' dir='ltr'>rege</span> <span class='ocrx_word' id='word_1_165' title='bbox 733 2558 878 2637; x_wconf 89' lang='lat' dir='ltr'>requiras.</span> 
     </span>
     <span class='ocr_line' id='line_1_25' title="bbox 70 2651 895 2730; baseline -0.004 -13"><span class='ocrx_word' id='word_1_166' title='bbox 70 2653 169 2717; x_wconf 87' lang='lat' dir='ltr'>Solus</span> <span class='ocrx_word' id='word_1_167' title='bbox 183 2665 266 2714; x_wconf 89' lang='lat' dir='ltr'>amat</span> <span class='ocrx_word' id='word_1_168' title='bbox 279 2665 417 2730; x_wconf 85' lang='lat' dir='ltr'>cunctos,</span> <span class='ocrx_word' id='word_1_169' title='bbox 432 2665 462 2714; x_wconf 91' lang='lat' dir='ltr'>et</span> <span class='ocrx_word' id='word_1_170' title='bbox 473 2665 590 2712; x_wconf 87' lang='lat' dir='ltr'>amatur</span> <span class='ocrx_word' id='word_1_171' title='bbox 602 2651 640 2711; x_wconf 90' lang='lat' dir='ltr'>ab</span> <span class='ocrx_word' id='word_1_172' title='bbox 655 2652 796 2716; x_wconf 89' lang='lat' dir='ltr'>omuibus</span> <span class='ocrx_word' id='word_1_173' title='bbox 810 2673 895 2720; x_wconf 85' lang='lat' dir='ltr'>uuus.</span> 
     </span>
     <span class='ocr_line' id='line_1_26' title="bbox 67 2744 838 2830; baseline -0.008 -18"><span class='ocrx_word' id='word_1_174' title='bbox 67 2749 192 2830; x_wconf 89' lang='lat' dir='ltr'>lncipit</span> <span class='ocrx_word' id='word_1_175' title='bbox 204 2747 274 2808; x_wconf 90' lang='lat' dir='ltr'>iude</span> <span class='ocrx_word' id='word_1_176' title='bbox 286 2744 393 2808; x_wconf 82' lang='lat' dir='ltr'>Venus</span> <span class='ocrx_word' id='word_1_177' title='bbox 406 2745 507 2808; x_wconf 91' lang='lat' dir='ltr'>laudes</span> <span class='ocrx_word' id='word_1_178' title='bbox 521 2765 693 2806; x_wconf 87' lang='lat' dir='ltr'>memorare</span> <span class='ocrx_word' id='word_1_179' title='bbox 708 2745 815 2827; x_wconf 75' lang='lat' dir='ltr'>puellae</span> <span class='ocrx_word' id='word_1_180' title='bbox 828 2769 838 2812; x_wconf 73' lang='lat' dir='ltr'>a</span> 
     </span>
     <span class='ocr_line' id='line_1_27' title="bbox 71 2837 731 2926; baseline -0.012 -21"><span class='ocrx_word' id='word_1_181' title='bbox 71 2844 106 2906; x_wconf 92' lang='grc' dir='ltr'>Ο</span> <span class='ocrx_word' id='word_1_182' title='bbox 122 2842 213 2926; x_wconf 81' lang='lat' dir='ltr'>virgo</span> <span class='ocrx_word' id='word_1_183' title='bbox 225 2840 362 2901; x_wconf 84' lang='lat' dir='ltr'>miranda</span> <span class='ocrx_word' id='word_1_184' title='bbox 375 2840 451 2900; x_wconf 83' lang='lat' dir='ltr'>milri</span> <span class='ocrx_word' id='word_1_185' title='bbox 464 2839 610 2921; x_wconf 88' lang='lat' dir='ltr'>placitura</span> <span class='ocrx_word' id='word_1_186' title='bbox 622 2837 731 2922; x_wconf 84' lang='lat' dir='ltr'>jugali,</span> 
     </span>
     <span class='ocr_line' id='line_1_28' title="bbox 71 2931 861 3014; baseline -0.011 -12"><span class='ocrx_word' id='word_1_187' title='bbox 71 2935 204 3002; x_wconf 84' lang='lat' dir='ltr'>Clarior</span> <span class='ocrx_word' id='word_1_188' title='bbox 216 2934 338 2995; x_wconf 85' lang='lat' dir='ltr'>aetheria</span> <span class='ocrx_word' id='word_1_189' title='bbox 348 2931 562 2995; x_wconf 89' lang='lat' dir='ltr'>Brunechildis</span> <span class='ocrx_word' id='word_1_190' title='bbox 575 2932 714 3013; x_wconf 90' lang='lat' dir='ltr'>lampade</span> <span class='ocrx_word' id='word_1_191' title='bbox 727 2931 861 3014; x_wconf 73' lang='lat' dir='ltr'>fulgens,</span> 
     </span>
     <span class='ocr_line' id='line_1_29' title="bbox 70 3024 822 3112; baseline -0.012 -19"><span class='ocrx_word' id='word_1_192' title='bbox 70 3031 212 3094; x_wconf 86' lang='lat' dir='ltr'>Lumina</span> <span class='ocrx_word' id='word_1_193' title='bbox 224 3048 412 3112; x_wconf 84' lang='lat' dir='ltr'>gemmarum</span> <span class='ocrx_word' id='word_1_194' title='bbox 425 3026 570 3108; x_wconf 81' lang='lat' dir='ltr'>superasti</span> <span class='ocrx_word' id='word_1_195' title='bbox 581 3025 696 3086; x_wconf 87' lang='lat' dir='ltr'>lumine</span> <span class='ocrx_word' id='word_1_196' title='bbox 706 3024 822 3101; x_wconf 79' lang='lat' dir='ltr'>vultus,</span> 
     </span>
     <span class='ocr_line' id='line_1_30' title="bbox 70 3119 743 3204; baseline -0.016 -15"><span class='ocrx_word' id='word_1_197' title='bbox 70 3125 185 3189; x_wconf 80' lang='lat' dir='ltr'>Altera</span> <span class='ocrx_word' id='word_1_198' title='bbox 198 3136 267 3183; x_wconf 87' lang='lat' dir='ltr'>nata</span> <span class='ocrx_word' id='word_1_199' title='bbox 280 3121 386 3184; x_wconf 89' lang='lat' dir='ltr'>Venus</span> <span class='ocrx_word' id='word_1_200' title='bbox 398 3141 490 3204; x_wconf 83' lang='lat' dir='ltr'>regno</span> <span class='ocrx_word' id='word_1_201' title='bbox 504 3121 594 3181; x_wconf 87' lang='lat' dir='ltr'>ditata</span> <span class='ocrx_word' id='word_1_202' title='bbox 608 3119 743 3193; x_wconf 87' lang='lat' dir='ltr'>decoris,</span> 
     </span>
    </p>
   </div>
   <div class='ocr_carea' id='block_1_3' title="bbox 72 3211 825 3302">
    <p class='ocr_par' dir='ltr' id='par_1_3' title="bbox 72 3211 825 3302">
     <span class='ocr_line' id='line_1_31' title="bbox 72 3211 825 3302; baseline -0.021 -14"><span class='ocrx_word' id='word_1_203' title='bbox 72 3218 235 3302; x_wconf 76' lang='lat' dir='ltr'>Nullaque</span> <span class='ocrx_word' id='word_1_204' title='bbox 246 3215 417 3284; x_wconf 83' lang='lat' dir='ltr'>Nereidum</span> <span class='ocrx_word' id='word_1_205' title='bbox 429 3216 466 3281; x_wconf 91' lang='lat' dir='ltr'>de</span> <span class='ocrx_word' id='word_1_206' title='bbox 478 3214 591 3302; x_wconf 82' lang='lat' dir='ltr'>gurgite</span> <span class='ocrx_word' id='word_1_207' title='bbox 603 3213 671 3279; x_wconf 85' lang='lat' dir='ltr'>talis</span> <span class='ocrx_word' id='word_1_208' title='bbox 685 3211 825 3290; x_wconf 67' lang='lat' dir='ltr'>Hibero,</span> 
     </span>
    </p>
   </div>
   <div class='ocr_carea' id='block_1_4' title="bbox 0 0 1116 3852">
    <p class='ocr_par' dir='ltr' id='par_1_4' title="bbox 0 0 1116 3852">
     <span class='ocr_line' id='line_1_32' title="bbox 0 0 1116 3852; baseline 0 1"><span class='ocrx_word' id='word_1_209' title='bbox 0 0 1116 3852; x_wconf 95' lang='lat' dir='ltr'> </span> 
     </span>
    </p>
   </div>
  </div>
 </body>
</html>
