2222 3844
153 294 206 346 DE
231 293 331 347 VITA
355 293 385 347 S·
406 290 596 346 Manrtrtt
617 289 747 346 ttttER
768 292 830 346 111.
900 285 941 350 65

57 393 94 456 Et
103 393 169 458 sine
183 413 260 457 voce
272 393 351 455 favet
364 410 452 456 armo
463 393 570 474 jactata
583 391 698 474 priore.

56 489 130 550 Tum
143 509 231 552 sacer
244 488 366 556 antistes
380 487 528 570 pecudem
536 487 685 570 praecepit
698 487 801 566 abire,

53 583 186 665 Moxque
197 603 322 668 gregem
334 582 444 664 repetit
456 582 586 663 pastoris
597 602 672 643 voce
686 583 829 646 revincta.

53 679 86 740 ld
97 693 219 763 gestum
228 689 277 742 ‚est
290 677 344 737 illo
357 677 413 737 sub
426 689 586 759 ternpore,
599 678 719 757 quando
732 677 815 739 beati

54 773 111 836 Per
123 774 247 836 medias
261 770 397 833 flammas
405 793 463 834 nec
474 772 596 833 fimbria
610 786 742 835 senserat
755 772 842 858 ignis.

51 867 98 931 De
112 868 258 931 minimis
268 868 361 928 etiam
373 867 542 928 referantur
555 868 687 928 maxima
700 889 802 930 rerum
817 893 825 931 ε

49 964 212 1048 Tempore
224 983 297 1023 nam
310 962 439 1044 quodam
455 964 528 1024 dum
540 963 624 1025 vicos
635 963 741 1026 circuit
754 963 868 1044 almus,

53 1057 157 1122 Obvia
169 1058 304 1120 venandi
317 1057 415 1118 studio
429 1057 510 1118 volat
523 1077 630 1142 agmen
644 1079 808 1138 equorum3

51 1153 136 1216 Nare
149 1173 259 1236 sagace
273 1173 382 1214 canum
394 1152 428 1212 fit
441 1153 543 1234 praeda
556 1166 675 1236 reperta
688 1153 824 1231 frutetis,

52 1247 248 1310 'l'ransiliunt
261 1266 385 1328 campos
397 1247 512 1327 equites
525 1260 555 1309 et
566 1268 640 1309 voce
654 1260 829 1328 sequuntur.

52 1343 223 1404 lntendunt
237 1341 375 1423 leporem
389 1341 546 1424 fugitivum
558 1343 669 1425 agitare
682 1341 810 1404 molossi

54 1437 195 1498 Saltibus
206 1435 320 1498 excussi
332 1478 342 1510 ,
356 1434 465 1496 latratu
479 1447 509 1496 et
520 1436 609 1497 dente
623 1436 752 1499 minaci:

54 1531 174 1593 Diffusi
190 1542 350 1593 excurrunt
363 1529 477 1592 celeres
490 1529 522 1589 in
536 1547 641 1590 amore
651 1530 775 1614 rapinae.

56 1626 143 1689 Alter
158 1627 194 1686 in
209 1624 331 1686 alterius
344 1624 472 1687 miscent
486 1624 609 1708 vestigia
621 1625 729 1704 saltus,

56 1721 114 1784 lste
127 1741 244 1802 sequax
256 1720 361 1780 tacitus
374 1719 465 1800 petit,
480 1719 531 1781 hic
545 1720 730 1784 clamoribus
742 1741 850 1800 auras,
940 1743 942 1746 ·

61 1812 121 1880 Hic
135 1815 250 1884 frutice
263 1814 295 1875 in
308 1835 402 1876 vacuo
415 1813 540 1875 delusus
549 1815 645 1876 odore
658 1828 772 1878 rotatur

63 1907 202 1973 Motibus
213 1909 369 1985 arboreis,
384 1908 461 1970 saltu
473 1909 667 1990 suspenditur
680 1910 774 1989 alter,

64 2003 209 2088 Capturas
222 2007 313 2066 unius
324 2017 502 2067 muctormn
516 2003 636 2066 frendet
647 2004 754 2068 hiatus.

63 2099 151 2184 Saepe
169 2121 263 2184 super
276 2100 418 2182 leporem
430 2120 536 2160 morsu
544 2100 688 2186 deeeptus
701 2100 787 2174 inani

62 2193 230 2281 Unguibus
244 2195 362 2279 injectis
377 2196 449 2255 dum
462 2195 566 2276 praeda
578 2194 722 2257 volubilis
731 2194 808 2272 exit,

64 2290 108 2354 Ac
121 2314 155 2355 se
172 2292 264 2352 turba
273 2291 405 2373 premit,
418 2289 461 2352 sic
474 2288 592 2352 lubrica
604 2289 722 2351 bestula
735 2289 819 2374 fugit.

64 2385 142 2448 Non
157 2398 224 2448 erat
236 2386 351 2454 interea
363 2407 423 2467 qno
438 2383 513 2454 calle
529 2383 700 2465 lepusculus
712 2383 788 2460 iret,

66 2479 180 2557 Mons,
195 2481 297 2558 vallis,
312 2494 417 2563 petra,
431 2479 533 2566 sylva,
548 2479 644 2541 frutex
658 2479 810 2543 defecerat
823 2479 927 2543 omnis
996 2478 998 2482 ’

67 2575 130 2641 Per
140 2577 265 2660 patulos
279 2598 422 2660 campos,
437 2575 563 2662 fugienti
576 2576 709 2660 tegmine
722 2578 827 2657 nudo,

66 2671 196 2758 Poplite
208 2673 345 2753 defectu,
361 2673 438 2755 pede
452 2671 548 2748 lasso,
564 2691 637 2734 nare
649 2672 780 2752 recliva,

66 2767 170 2832 Totus
183 2768 222 2829 ab
236 2789 289 2830 ore
301 2767 383 2832 canis
395 2788 451 2851 per
462 2767 580 2850 singula
590 2787 748 2832 murmura
758 2767 906 2853 pendens»

71 2861 178 2926 Sensit
189 2863 292 2926 adesse
305 2877 407 2925 tamen
422 2860 549 2923 lllartini
561 2861 645 2948 signa
657 2864 756 2942 beati,

71 2957 176 3022 Fleuit
187 2959 246 3020 iter
256 2959 392 3042 trepidus
403 2959 532 3021 hirsutas
545 2958 649 3022 fraude
663 2982 720 3043 per
731 2960 859 3037 herbas,

72 3053 211 3117 Auribus
223 3054 359 3132 acclivis,
371 3073 478 3139 vagus,
492 3055 666 3139 exagitatus,
679 3056 803 3118 anbelus

76 3145 207 3216 Corruit
218 3163 287 3215 ante
299 3151 393 3236 pedes
404 3149 535 3215 titubans
546 3150 632 3236 lepus
646 3152 761 3220 advena
773 3147 909 3305 supplex.
