2222 3852
265 333 504 386 POEMATUM
525 333 652 387 LIBER
673 335 744 389 Vll.
886 325 941 387 251

102 429 218 495 Carior
229 431 281 493 ille
293 434 404 516 gradu,
419 432 518 494 carior
529 431 592 494 haec
605 431 718 492 auimo.

56 526 155 587 Mens
167 539 249 587 tenet
260 547 319 586 una
332 527 407 587 duos
419 526 526 606 aequali
540 525 620 588 calce
634 525 765 600 viantes,

98 620 153 680 Ad
166 621 217 701 pia
230 621 399 696 tendentes,
414 641 501 681 mens
512 632 593 682 tenet
607 640 666 682 uua
677 622 761 681 duos.

57 713 189 776 Proficit
202 713 376 774 alterutrum
389 714 530 795 quicquid
544 714 623 775 bene
635 713 758 797 gesserit
770 710 861 788 alter,

99 805 207 868 Unius
217 829 307 869 omne
320 809 452 883 bonum,
467 807 588 890 proficit
600 808 784 868 alterutrum.

57 899 140 964 Sunt
152 902 224 981 quia
236 903 325 964 corde
339 921 444 983 pares,
459 903 553 984 jussus
566 923 629 961 non
641 901 686 961 irc
699 920 822 978 recuso,

100 993 267 1074 Obsequar
279 996 442 1070 ambobus,
457 1009 525 1056 sunt
538 995 608 1075 quia
621 996 711 1057 corde
725 1014 822 1075 pares.

57 1087 130 1152 Nec
143 1102 246 1150 tamen
258 1089 328 1152 hinc
341 1089 417 1151 abeo
429 1088 564 1168 quamvis
576 1109 655 1150 nova
667 1101 745 1150 tecta
757 1088 884 1163 videbo,

103 1181 248 1265 Corpore
259 1183 396 1256 discedo,
409 1201 466 1244 nec
479 1195 580 1243 tamen
593 1182 665 1244 hinc
676 1182 763 1243 abeo.

61 1275 126 1338 Hic
138 1297 194 1359 ego
207 1289 286 1338 totus
298 1296 368 1353 ero,
381 1297 438 1338 nec
451 1278 542 1338 corde
554 1296 589 1339 ac
601 1287 704 1336 mente
717 1273 864 1350 revellor,

104 1368 158 1431 Sic
170 1390 290 1449 quoque
303 1371 375 1430 dum
386 1371 495 1445 redeo,
510 1370 559 1432 hic
572 1389 626 1452 ego
642 1380 722 1436 totus
736 1387 799 1428 ero.

61 1462 203 1547 Porrigat
215 1483 298 1524 arma
311 1464 386 1524 mihi
399 1463 529 1526 coelestia
540 1475 639 1522 mater
650 1462 749 1536 eunti,

103 1555 151 1618 Ut
163 1557 222 1619 sibi
234 1558 301 1639 plus
313 1557 438 1634 habeat,
454 1557 589 1640 porrigat
601 1574 685 1616 arma
697 1552 783 1615 mihi.

136 1740 194 1792 111.
215 1739 269 1791 DE
289 1739 458 1794 SENATU
483 1739 626 1792 CUlllAE
651 1737 880 1804 COELESTIS,

255 1834 296 1872 aa
318 1832 473 1870 vaauura
493 1829 759 1871 vancrmaauaa.

66 1933 226 2018 Cornua
239 1950 333 2012 multa
346 1948 434 2032 polos
447 1948 574 2009 radianti
587 1947 701 2010 lumine
716 1946 890 2029 complent,

106 2047 317 2124 laetanturque
329 2044 389 2126 piis
402 2042 521 2127 agmina
534 2055 635 2105 sancta
648 2041 758 2104 choris.

67 2140 213 2205 Carmine
227 2137 376 2201 Daridico
390 2137 564 2220 plaudentia
577 2135 700 2197 brachia
713 2145 829 2211 texunt,

107 2233 252 2298 Creditur
264 2245 293 2294 et
306 2252 391 2294 sacro
405 2230 570 2312 tripudiare
584 2230 687 2311 gradu.

70 2327 206 2392 Coetibus
220 2326 359 2411 angelicis
371 2324 531 2386 hominum
543 2323 654 2387 sociata
665 2339 818 2405 propago,
851 2331 854 2336 ’

107 2422 223 2484 Reddit
234 2419 435 2482 honorificum
448 2419 541 2480 laudis
554 2437 658 2478 amore
670 2433 791 2477 sonum.

66 2517 204 2579 Vocibus
217 2515 338 2576 alternis
352 2515 452 2576 divina
465 2523 606 2594 poemata
619 2509 768 2592 psallunt,

108 2613 209 2691 Atque
222 2611 350 2673 creatori
361 2609 487 2694 mystica
498 2607 590 2669 verba
604 2616 723 2667 canunt.
808 2625 811 2630 ’

67 2706 184 2768 Lucida
195 2705 320 2789 sydereo
332 2703 399 2766 coeli
412 2702 518 2784 strepit
530 2721 601 2761 aura
613 2695 758 2773 tumultu,

110 2797 263 2860 Laudibus
275 2810 305 2859 et
316 2797 433 2858 domini
447 2795 579 2858 concutit
591 2806 668 2854 astra
679 2791 789 2874 fragor.

69 2895 155 2957 Hinc
166 2892 402 2976 patriarcharum
416 2901 554 2952 resonant
567 2885 774 2949 modulamina
784 2901 910 2958 vocum,

111 2988 194 3050 Inter
210 3008 284 3067 quos
296 2985 425 3047 Abrahae
442 2997 485 3046 est
499 2983 626 3044 maxima
637 2981 739 3062 palma
751 2979 820 3039 fide.

67 3084 97 3146 A
106 3104 167 3164 quo
180 3095 377 3164 acceperunt,
392 3081 520 3140 reddunt
532 3077 640 3138 dehinc
652 3074 744 3136 verba
756 3069 929 3154 prophetae,

110 3177 236 3264 Moyses
247 3190 314 3240 ante
326 3174 402 3239 alios
414 3176 488 3251 dux,
501 3191 585 3234 mare
598 3181 688 3246 teste,
704 3167 794 3232 viros.
