2218 3862
158 347 222 412 ³06
410 362 443 416 v.
469 361 503 445 tt
529 361 776 415 renuuntur

199 451 332 514 Tantum
343 452 480 514 membra
492 453 550 513 sibi
562 472 682 535 gemma
694 471 818 514 corusca
828 453 908 534 tegit.

158 547 285 611 Sanctus
297 548 370 606 item
382 547 499 607 domini
512 546 627 607 almum
638 547 711 606 dum
722 545 913 607 benediceret
923 544 1016 621 altar,

197 639 249 701 De
262 641 359 722 capite
372 653 416 701 est
427 640 506 702 visus
518 638 675 701 flammeus
687 639 733 700 ire
744 638 860 722 globus.

158 729 238 814 Quae
250 736 342 795 modo
354 733 469 814 templa
480 753 565 796 sacer
575 745 716 795 renovata
730 731 897 815 Gregorius
909 730 1019 808 offert„

199 823 241 886 Et
254 828 341 888 rediit
351 828 467 907 priscus
480 826 575 889 cultus
584 827 741 906 honorque
753 847 833 887 suus.

131 961 135 968 -
155 917 284 1003 Fulgida
296 920 442 1002 praecipui
451 920 604 981 nituerunt
616 919 748 983 culmina
761 918 885 1000 templi,

182 1005 185 1010 ’
197 1011 328 1093 Postque
342 1033 409 1073 usus
418 1026 536 1075 veteres
546 1015 699 1095 praemicat
711 1013 778 1074 aula
791 1014 883 1074 rudis.

153 1103 192 1166 ln
203 1107 320 1167 senium
331 1126 454 1188 vergens
465 1105 575 1168 melius
585 1107 767 1169 revirescere
779 1107 917 1184 discens,

195 1199 307 1262 Diruta
319 1212 386 1281 post
398 1219 497 1275 casus,
510 1200 627 1261 firmius
637 1213 701 1263 acta
713 1201 781 1261 situ.

152 1292 281 1356 Martini
294 1294 408 1357 auxiliis
422 1297 576 1375 operando
591 1293 757 1378 Gregorius
769 1294 867 1371 idem,

194 1387 339 1451 Reddidit
351 1388 407 1449 iste
419 1406 514 1450 novus
526 1408 587 1467 quo
599 1388 655 1448 luit
667 1386 720 1449 ille
732 1399 824 1449 vetus.

402 1529 461 1582 111.
483 1528 539 1579 DE
558 1528 704 1579 EADEM
727 1527 784 1576 RE.

155 1616 273 1706 Casii,
286 1638 447 1720 supercilio
461 1639 578 1700 domini
591 1637 716 1700 delubra
728 1637 891 1712 nitescunt,

190 1731 282 1791 Alma
295 1732 365 1794 licet
376 1731 506 1808 merito,
518 1745 586 1792 sunt
598 1751 718 1812 quoque
730 1731 806 1794 celsa
818 1734 897 1816 jugo.
917 1763 926 1776 ·

148 1823 255 1888 Invida
266 1825 421 1886 subruerat
432 1846 523 1904 quam
534 1826 665 1886 funditus
679 1825 744 1907 ipsa
754 1839 898 1901 vetustas,

189 1916 237 1978 Ut
247 1918 346 1999 paries
357 1917 478 1997 liquidis
491 1918 570 1980 lorte
583 1918 695 1979 solutus
708 1919 801 1998 aquis.

149 2009 254 2093 Quam
268 2025 369 2093 pastor
381 2012 491 2072 studuit
502 2033 647 2074 renovare
662 2011 828 2095 Gregorius
841 2012 961 2090 aedem,

188 2105 258 2170 Nec
271 2105 411 2169 cecidisse
425 2105 523 2182 dolet,
537 2127 602 2185 qnae
616 2106 708 2188 magis
722 2118 809 2168 aucta
821 2106 909 2168 lavet.

269 2249 321 2300 tt.
343 2246 414 2300 UBI
436 2246 659 2299 MARTINUS
681 2247 911 2300 PAUPEREM

323 2337 439 2376 usurus
461 2335 660 2375 cunsmrnas
681 2336 853 2376 vnsrrvts.

147 2411 317 2496 Attonitus
329 2433 495 2496 tremulum
506 2454 632 2496 cernens
645 2431 795 2494 lllartinus
807 2452 934 2515 egentnn
944 2478 958 2509 ‚.

184 2525 330 2590 Dimidios
342 2529 509 2615 chlamydis
518 2549 590 2588 mox
602 2547 663 2606 ope
674 2527 812 2587 membra
825 2527 905 2608 tegit.

146 2619 209 2682 Sed
221 2641 324 2683 coram
337 2623 476 2708 angelicis
488 2621 595 2682 turmis
608 2641 638 2680 se
649 2619 728 2682 hanc
740 2632 828 2681 nocte
839 2619 941 2681 silenti

184 2712 330 2795 Pauperis
343 2717 374 2776 in
388 2716 487 2796 specie
501 2713 637 2776 Christus
650 2713 873 2774 habererefert.

143 2805 175 2869 0
184 2828 267 2870 sacer
279 2809 398 2870 antistes
411 2808 530 2870 meritis
539 2808 696 2868 referende
707 2807 763 2868 sub
776 2805 883 2883 astris,

183 2902 275 2963 Unde
289 2903 361 2987 tegis
374 2904 507 2980 nudum,
521 2902 653 2964 hinctua
664 2901 745 2982 palla
757 2900 870 2961 Deum.

170 3031 205 3083 V.
223 3032 296 3085 [llil
318 3033 543 3086 LEPROSlllll
565 3031 734 3084 OSCULO
759 3031 993 3085 PURGAVl'l'.

139 3129 244 3216 lunen
256 3153 360 3232 opima
370 3155 455 3218 Deus
466 3151 570 3237 figulus
583 3174 650 3234 quoe
661 3153 779 3220 vascula
794 3150 891 3230 lecit,
