2218 3862
140 245 203 330 ²94
399 253 432 305 v.
452 251 755 304 unonrunffl
811 221 813 224 ’

184 351 316 434 Regibus
328 363 358 412 ct
370 350 474 434 patriae
483 349 590 434 gaudia
604 349 692 432 longa
705 360 800 429 paret.

412 507 467 557 Ill.
490 505 543 556 Ao
568 503 753 556 EOSDEM.

144 612 236 694 Posu
248 642 440 712 tempestates
453 643 484 691 et
495 631 613 692 turbida
623 629 728 690 nubila
740 628 823 704 coeli,

143 755 147 764 ¹
186 726 260 808 Quo
274 725 349 786 solet
361 725 468 786 infesto
481 737 561 785 terra
573 725 670 807 rigere
683 723 767 806 gelu;

143 823 218 887 Post
231 813 344 888 validuss
353 820 478 904 hyemes
488 840 523 880 ac
533 821 629 882 tristia
642 817 754 900 frigora
764 813 897 890 brumae,

185 917 326 978 Flumine
340 935 392 975 seu
405 914 504 995 rapidi
518 935 586 974 rura
600 925 738 996 gravante
750 911 834 986 uoti,

145 1012 315 1076 Succedunt
328 1009 437 1069 iterum
452 1007 583 1068 vernalia
595 1020 733 1088 tempora
744 1005 877 1078 mundo,

188 1103 341 1183 Grataquc
354 1114 422 1183 post
434 1100 561 1184 glaciem
575 1112 719 1183 provocat
731 1118 803 1159 aura
815 1098 907 1157 diem.

145 1194 433 1260 Rursusodoriieris
446 1208 627 1256 renovantur
639 1193 764 1254 floribus
775 1212 862 1267 arva,

188 1291 361 1352 Frondibus
374 1289 508 1351 arboreis
520 1302 549 1350 et
562 1289 637 1350 viret
651 1309 742 1349 omne
752 1308 868 1349 nemus.

145 1385 247 1448 Dulce
261 1384 407 1466 soporatis
419 1396 578 1445 curvantur
590 1384 701 1444 robora
712 1383 831 1463 pomis,

190 1479 232 1540 Et
245 1480 387 1540 redeunte
399 1477 458 1542 sibi
468 1477 604 1559 gramine
618 1477 696 1537 ridet
707 1497 785 1560 ager.

150 1570 202 1634 Sic
214 1593 334 1652 quoque
347 1573 407 1653 jam
421 1571 538 1632 domini
551 1584 619 1652 post
632 1570 726 1631 tristia
739 1571 848 1630 damna
859 1567 1010 1644 dolentes,

189 1665 255 1726 Vos
265 1643 392 1726 mediore
405 1666 508 1726 animo
522 1664 666 1725 laetificate
680 1684 799 1744 precor.

147 1758 229 1823 Ecce
243 1759 306 1823 dies
318 1758 429 1841 placidi
441 1773 581 1821 revocant
595 1757 749 1820 Paschalia
762 1755 895 1833 Christi,

191 1850 276 1913 Orbs
289 1873 407 1932 quoque
419 1865 499 1915 totus
510 1853 583 1914 item
597 1873 652 1934 per
664 1873 743 1913 nova
754 1865 825 1913 vota
836 1853 949 1913 fremit.

152 1945 271 2010 Gaudia
282 1945 349 2028 pius
364 1946 481 2006 faveant
492 1968 549 2028 per
561 1946 638 2010 celse
651 1946 761 2028 palatia
774 1967 896 2030 regum,

194 2038 236 2100 Et
248 2060 305 2121 per
316 2060 368 2101 vos
378 2039 484 2101 famuli
496 2040 569 2100 festa
583 2041 670 2101 beau
683 2040 792 2102 colant.

155 2131 361 2216 Omnipotens
373 2135 462 2195 uobis
476 2148 602 2195 vestram
616 2135 704 2194 adduc
716 2135 747 2194 in
763 2133 838 2194 orbe
850 2132 994 2208 sulutem,

195 2227 295 2307 Atque
309 2228 360 2290 diu
370 2227 499 2309 patriam
512 2227 645 2291 culmina
657 2241 754 2290 vestra
767 2239 878 2311 regant.

195 2383 246 2436 IV.
270 2382 540 2438 EPITAPHIUM
565 2383 841 2436 CLODOBERTI
863 2381 997 2436 REGIS.

160 2496 278 2580 Fruar
290 2528 416 2576 monent
427 2515 576 2597 populum
590 2520 721 2581 crudelia
732 2520 839 2581 funcra
848 2538 969 2601 regum,

201 2608 282 2670 Cum
296 2622 384 2689 caput
396 2610 477 2670 orbis
488 2610 582 2670 humo
596 2627 699 2674 moesta
711 2614 868 2694 sepulchra
882 2621 991 2695 tegunt.

159 2701 232 2768 Hoc
245 2702 333 2784 igitur
346 2702 461 2763 tumulo
476 2704 621 2766 recubans
636 2705 838 2769 Clodobertos
849 2707 990 2780 habetur,

203 2796 268 2876 Qui
280 2796 338 2856 tria
350 2794 441 2887 luotra
453 2817 558 2879 gerens
572 2813 672 2882 raptus
683 2804 720 2864 ab
735 2803 809 2864 orbe
820 2802 886 2862 suit.

143 2883 146 2894 '
160 2891 211 2954 De
224 2909 336 2973 proavo
349 2891 472 2952 veniens
485 2888 650 2956 Clodovaeo
663 2897 742 2959 celsa
755 2915 908 2978 propago,

205 2983 411 3066 Clochariique
425 3005 536 3065 nepos,
554 2985 781 3071 Chilpericiqoe
793 3009 894 3074 genus.

167 3077 271 3158 Quem
284 3080 321 3178 dc
334 3079 436 3161 regina
448 3081 572 3162 sumpsit
586 3081 785 3169 Fredegundc
796 3093 938 3156 venusta,
