2230 3838
134 327 193 400 124
378 341 410 392 V.
437 342 473 394 ll.
497 341 757 406 FORTUNA'I'I

131 430 184 494 Sic
197 430 256 494 cito
270 431 407 513 pontifici
420 431 501 492 dedit
513 431 577 494 lraac
590 433 697 492 devota
708 432 863 511 voluntas,

170 526 270 606 Atque
284 526 380 588 dicata
393 525 474 588 cruci
487 525 610 589 conscia
622 525 689 589 vela
701 526 831 608 placent.

130 619 224 681 Unde
237 620 391 682 salutifero
403 621 488 704 signo
502 620 558 682 tihi
571 620 652 683 clare
665 623 819 699 sacerdos,

171 712 245 778 Hoc
257 715 305 777 cui
315 715 516 797 complacuit,
534 716 661 778 reddere
674 736 782 801 magna
795 717 886 781 valet.

167 871 202 923 V.
220 871 275 954 DE
296 870 464 924 SANCTO
493 871 742 926 SATURNINO
768 875 924 929 MARTY
938 879 1023 934 RE.

130 988 155 1071 J
159 1025 245 1070 tutta
260 1008 338 1072 celsa
351 1007 417 1090 poli
425 1021 505 1070 terra
521 1009 659 1093 pulsante
672 1013 815 1094 patescit,

170 1112 212 1175 Et
225 1114 333 1196 recipit
347 1127 450 1190 natos,
465 1137 541 1195 quos
553 1118 707 1201 generavit
720 1117 838 1179 humus

128 1209 317 1271 Admiranda
327 1207 390 1271 haec
404 1221 447 1270 est
458 1210 576 1273 occasio
590 1210 667 1272 sacta
679 1210 799 1288 salutis,

170 1301 217 1364 Ut
229 1304 267 1364 de
281 1315 380 1364 morte
392 1323 444 1364 sua
459 1304 587 1386 praemia
601 1303 676 1366 lucis
688 1318 799 1367 emant.

130 1397 308 1459 Saturninus
321 1398 405 1458 enim
419 1396 544 1480 cupiens
556 1419 587 1460 se
601 1411 722 1461 nectere
738 1396 882 1478 Christo,

174 1489 298 1554 Caruali
312 1492 344 1553 in
356 1492 461 1553 habitu
474 1491 573 1552 noluit
586 1513 650 1554 esse
661 1492 723 1554 diu.

127 1585 260 1649 Vincula
270 1585 413 1666 corporei
426 1584 590 1646 dissolvere
602 1587 729 1648 carceris
743 1599 868 1668 optans,

173 1680 297 1741 Plenius
310 1693 342 1740 ut
355 1680 481 1740 domino
494 1701 526 1740 se
540 1680 668 1743 sociaret
681 1680 785 1741 homo.

128 1774 287 1857 Tempore
302 1786 421 1836 maturo
435 1795 504 1837 cum
517 1776 577 1858 jam
593 1795 661 1857 spes
672 1788 750 1837 esset
762 1775 883 1855 adulta,

171 1868 371 1952 Sumpserunt
388 1869 522 1950 pretium
535 1882 603 1932 rota
616 1869 704 1931 heata
714 1891 811 1932 suurn.

127 1965 273 2045 Dumque
286 1964 453 2027 sacerdotio
467 1965 616 2026 frueretur
629 1965 661 2024 in
672 1964 748 2027 urbe
761 1963 895 2043 Tolosa,

170 2057 210 2121 Et
224 2059 346 2142 populis
361 2056 516 2121 Christum
530 2060 677 2141 panderet
689 2079 752 2120 esse
766 2057 888 2123 Deum:

130 2152 303 2217 Ostendens
316 2154 434 2231 verbis,
449 2155 563 2214 addens
574 2152 719 2216 miracula
733 2152 836 2230 sactis,

169 2246 217 2310 Ut
229 2250 311 2330 quod
323 2269 425 2310 sermo
437 2249 521 2309 daret
532 2260 770 2327 consequeretur
780 2268 868 2330 opus.

132 2342 271 2406 Gentiles
284 2345 399 2405 animas
409 2343 532 2425 rapiens
542 2343 580 2403 de
596 2342 682 2404 fauce
695 2343 834 2425 tyranni,

171 2439 326 2502 Subdebat
337 2439 417 2523 regi,
431 2441 483 2518 qui
496 2438 579 2499 dedit
589 2457 674 2498 arma
688 2436 756 2498 sibi.

131 2531 191 2595 Sed
204 2533 305 2595 vitiata
314 2532 419 2607 malis,
434 2545 464 2593 et
475 2531 562 2614 plebs
576 2531 838 2609 insectarenenis,

173 2626 281 2691 Curari
294 2627 458 2711 effugiens,
474 2647 551 2710 aegra
564 2629 663 2711 jacere
675 2625 797 2701 volens,

131 2721 334 2803 Comprendit
345 2720 424 2783 male
437 2741 506 2782 sana
519 2721 639 2798 virum,
651 2722 688 2782 ad
705 2719 849 2802 capitolia
859 2719 965 2796 duxit;

170 2816 269 2895 Atque
282 2836 336 2876 suo
350 2817 470 2879 medico
483 2816 608 2878 vulnera
620 2816 708 2899 plura
720 2814 811 2876 dedit.

130 2911 192 2972 Pro
204 2911 315 2993 pietate
328 2910 451 2987 dolum,
464 2931 522 2992 pro
535 2911 626 2972 melle
639 2929 754 2972 venena
768 2904 954 2991 rependens,

172 3002 288 3067 Contra
301 3018 433 3066 tutorem
447 3005 536 3067 noxia
547 3005 628 3066 bella
641 3017 752 3066 movet.

132 3097 267 3182 Subligat
279 3100 419 3160 indomiti
430 3113 566 3162 sanctum
578 3102 615 3161 ad
628 3099 748 3181 vestigia
760 3097 852 3158 tauri:

172 3193 213 3256 Et
223 3194 371 3274 stimulat,
387 3195 474 3258 tieret
482 3215 522 3257 ne
536 3194 603 3278 suga
612 3193 696 3256 tarda
708 3191 774 3254 feri.
