2222 3852
282 401 523 455 POEMATUM
545 399 673 454 LIBER
696 401 730 454 V.
888 393 949 456 225

63 496 195 560 Tristius
207 518 276 560 erro
287 500 396 576 nimis,
411 501 515 580 patriis
527 519 616 584 vagus
629 499 696 561 exul
709 497 746 560 ab
761 498 840 575 oris,

108 589 213 671 Quam
226 593 264 654 sit
277 593 621 676 Apolloniisnaufragus
630 594 741 676 hospes
754 593 848 674 aquis.

63 683 217 747 Venimus
228 699 261 746 ut
273 685 402 763 lllettin,
418 708 506 750 cocus
519 687 583 750 illic
595 687 691 771 regius
704 687 810 766 instat,

104 779 236 840 Absenti
250 793 351 841 nautas
362 780 482 842 abstulit
493 793 582 861 atque
596 794 702 842 ratem.

64 869 116 934 Dc
128 871 261 933 flammis
274 875 396 936 ardente
409 895 500 935 manu
512 875 564 954 qui
575 874 681 956 diripit
692 893 795 952 escas,

104 965 163 1028 llle
177 966 236 1027 rati
249 967 344 1029 nescit
357 960 481 1049 parcere
493 980 571 1028 tutus
584 967 677 1048 aquis.

65 1057 170 1122 Corde
181 1059 283 1143 niger,
298 1061 382 1121 sumo
396 1081 531 1142 sparsus,
546 1061 670 1144 fuligine
682 1061 811 1138 tinctus,

105 1150 145 1214 Et
159 1155 244 1236 cujus
257 1153 346 1216 facies
360 1153 484 1216 cacabus
497 1153 574 1214 alter
587 1155 678 1216 adest.

68 1243 125 1310 Cui
136 1268 190 1308 sua
202 1249 374 1310 sordentem
385 1249 544 1330 pinxerunt
557 1267 642 1308 arma
653 1246 788 1310 colorem
798 1259 811 1324 ,·

104 1339 242 1402 Frixurae
255 1362 403 1416 cucumae,
416 1341 514 1416 scala,
527 1341 655 1423 patella,
668 1341 772 1422 tripes.

63 1432 209 1518 Indignus
221 1455 323 1509 versu,
338 1435 439 1516 potius
452 1435 583 1498 carbone
595 1446 736 1510 notetur,

106 1526 148 1588 Et
161 1528 284 1610 piceum
296 1529 407 1590 reserat
418 1529 514 1610 turpis
526 1529 625 1612 imago
638 1528 747 1589 virum.

71 1619 130 1682 Res
141 1621 265 1704 indigna
277 1621 390 1697 nimis,
401 1621 497 1704 gravis
511 1634 554 1682 est
565 1622 675 1702 injuria
687 1621 778 1697 facti,

106 1713 182 1776 Plus
191 1715 314 1797 juscella
326 1715 391 1777 coci
403 1736 493 1796 quam
505 1735 574 1776 mea
586 1717 653 1797 j'ura
663 1713 774 1775 valent.

63 1808 135 1871 Nec
147 1821 265 1870 tautum
279 1809 371 1870 codex
382 1823 526 1890 quantum
539 1829 571 1870 se
585 1807 710 1870 cacabus
724 1806 827 1886 effert,

105 1899 156 1961 Ut
168 1920 238 1961 mea
250 1921 307 1962 nec
319 1901 395 1960 mihi
408 1903 447 1961 sit
460 1902 639 1982 participata
651 1901 731 1962 ratis.

66 1990 128 2054 Sed
140 2005 243 2053 tamen
257 1993 398 2052 auxilium
409 1993 498 2054 solito
510 1994 644 2074 porrexit
656 2013 780 2070 amore,

108 2085 176 2163 Qui
189 2085 305 2146 domini
316 2105 441 2167 pascens
452 2085 570 2148 villicus
584 2098 670 2168 auget
683 2106 763 2147 oves.

63 2177 226 2253 Praestitit,
240 2190 270 2239 ct
281 2178 384 2262 gracili
397 2179 521 2260 pavidus
534 2197 602 2240 cum
616 2178 707 2239 lintre
721 2177 872 2254 cucurrit,

106 2270 231 2345 imbre,
245 2291 335 2348 euro,
351 2269 461 2345 lluvio,
473 2272 525 2332 sed
537 2271 719 2332 madefactus
732 2291 797 2353 ego.

64 2364 186 2427 Jactavi
200 2362 349 2444 reliquos,
363 2376 558 2444 sequerentur
571 2375 602 2424 ut
615 2364 685 2424 inde
699 2365 867 2444 pedestres,

109 2457 195 2518 Nam
209 2457 234 2517 si
247 2477 339 2518 nemo
351 2457 425 2518 loris
436 2477 528 2518 nemo
542 2477 598 2518 occ
612 2457 776 2518 inluserat.

64 2549 211 2633 Mergere
223 2571 292 2611 mox
304 2548 407 2610 babuit
419 2562 541 2612 cunctos
553 2550 692 2630 rapiente
701 2548 837 2629 periclo,

109 2643 268 2728 Naufragii
281 2644 363 2704 testis
375 2663 467 2706 nemo
480 2655 629 2723 superstes
641 2654 714 2704 erat.
813 2659 814 2662 ’

66 2737 122 2800 Sic
134 2737 250 2800 vicinus
261 2756 344 2798 cram
357 2749 515 2817 postquam
527 2737 700 2818 jactavimus
712 2757 835 2815 omnes,

109 2829 224 2893 lctibus
236 2842 269 2890 ut
284 2829 398 2892 crebris
411 2828 558 2890 lamberet
570 2831 650 2891 unda
661 2830 763 2911 pedes.

66 2921 282 3004 Obsequium,
296 2923 371 2999 dixi,
385 2943 528 2997 remove,
542 2923 637 2983 modo
649 2923 722 2984 nolo
733 2924 845 3002 lavari,

111 3013 174 3078 Sed
185 3030 287 3078 tamen
302 3017 429 3077 instabat
441 3015 566 3100 lympha
577 3016 673 3098 rigare
685 3018 787 3098 pedes.

65 3110 101 3174 N
103 3111 258 3174 auriaeum
268 3110 392 3171 veniens
406 3109 504 3171 resero
518 3127 586 3170 mea
599 3109 693 3168 tristia
706 3109 787 3192 regi,

108 3201 208 3286 Risit,
222 3217 252 3268 et
266 3224 319 3267 ore
332 3203 386 3290 pio
398 3203 481 3293 jussit
492 3204 594 3266 adesse
608 3214 718 3271 retent..
