2230 3838
139 328 198 404 184
387 341 421 395 v.
447 343 481 395 n.
507 331 759 400 consumam

134 431 336 514 l'emplomm
349 432 468 494 domini
481 432 601 513 cultrix,
612 437 665 518 pia
678 457 805 498 munera
817 437 981 519 praehens,

176 525 249 589 Hoc
260 527 421 609 proprium
436 539 592 609 reputans,
607 530 751 611 quicquid
764 531 892 593 habebat
905 533 1012 617 inops
1099 559 1100 566 ¹

133 621 207 682 Una
220 622 300 682 mori
313 641 378 682 sors
391 634 435 683 est
447 634 477 684 et
489 635 574 685 terrae
587 626 714 686 reddere
728 638 857 703 terram,

175 715 265 778 Felix
277 717 325 779 cui
339 716 456 778 meritis
468 732 525 780 stat
537 719 602 780 sine
616 719 676 781 fine
691 719 765 782 dies.

136 809 264 873 Actibus
276 812 322 872 his
336 812 463 889 instans,
475 826 595 876 terrena
606 815 638 875 in
652 813 718 877 luce
731 814 870 892 redacta,

175 902 240 965 Ter
253 906 346 986 quino
360 905 453 968 lustro
467 907 539 970 vixit
553 909 584 971 in
599 910 674 971 orbe
687 910 786 972 decus.

229 1050 326 1102 XVll.
350 1049 616 1105 EPlTAPHlUM
638 1051 928 1107 VILITRUTHAE.

137 1145 247 1230 Oniten
259 1166 375 1230 bonum
389 1168 490 1245 velox,
505 1167 688 1252 fugitivaque
700 1169 806 1252 gaudia
818 1170 946 1248 mundi,

175 1261 387 1324 Monstramur
397 1262 504 1338 terris,
518 1275 548 1324 et
561 1263 621 1326 cito
634 1263 718 1344 lapsa
731 1277 830 1324 ruunt.

135 1356 182 1418 Ut
195 1358 284 1419 dolor
295 1355 430 1436 acquirat
440 1357 520 1419 vires
532 1378 602 1419 cum
614 1358 722 1438 perdat
735 1370 906 1434 amantem,

175 1451 256 1514 Ante
268 1450 387 1534 placere
400 1451 488 1529 lacit,
503 1451 606 1513 durius
619 1451 689 1512 inde
701 1451 824 1533 premit.

135 1545 209 1608 Heu
221 1547 362 1631 lacrymae
373 1567 495 1623 rerum,
509 1547 568 1607 heu
581 1566 646 1607 sors
659 1545 783 1608 inimica
796 1545 955 1622 virorum,

178 1638 243 1702 Cur
254 1639 403 1722 placitura
416 1640 489 1702 facis
500 1685 509 1716 ,
522 1663 588 1720 qma
601 1639 731 1701 dolitura
745 1639 847 1722 rapis?

133 1733 300 1801 ¹Vilitmtha
313 1734 423 1796 decens
435 1733 589 1818 Dagulphi
602 1753 670 1796 cara
682 1733 806 1818 jugalis,

180 1826 325 1912 Conjugis
337 1826 476 1911 amplexu
490 1829 647 1890 dissociata
660 1830 747 1910 jacet.

138 1921 279 2006 Corpore
289 1925 390 2006 juncta
401 1923 491 1984 thoro
501 1967 510 1998 ,
522 1922 591 2005 plus
602 1936 728 2005 pectore
738 1942 813 1985 nexa
826 1922 956 2003 marito,

177 2017 269 2080 Lucis
282 2018 313 2078 in
327 2037 434 2080 occasu
446 2017 564 2081 vincula
574 2018 656 2099 rupit
668 2038 763 2080 amor.

136 2112 294 2195 Tempora
307 2113 355 2175 cui
367 2125 508 2194 poterant
521 2112 617 2175 adhuc
630 2112 662 2173 in
676 2111 752 2174 llore
764 2130 905 2190 manere,

179 2206 371 2290 Principium
384 2208 452 2270 vitae
465 2207 533 2269 finis
545 2206 671 2270 acerbus
683 2208 783 2269 habet.

138 2301 289 2387 Sanguine
301 2301 454 2364 nobilium
465 2315 605 2386 generata
617 2300 751 2364 Parisios
765 2301 858 2378 urbe,

181 2396 323 2459 Romana
336 2398 453 2474 studio,
465 2396 595 2459 barbara
606 2396 695 2479 prole
708 2395 774 2457 fuit.

136 2491 299 2576 Ingenium
309 2492 383 2554 mite
396 2505 482 2555 torva
495 2493 532 2553 de
545 2504 632 2575 gente
645 2491 801 2567 trahebat,

180 2583 315 2648 Vincere
328 2599 465 2648 naturam
478 2586 573 2670 gloria
588 2587 689 2668 major
701 2596 773 2646 erat.

137 2677 306 2760 Nunquam
317 2694 423 2742 moesta
436 2700 578 2757 manens,
589 2679 672 2742 vultu
683 2698 762 2740 nova
773 2675 879 2760 gaudia
891 2687 1034 2757 portans,

184 2770 303 2836 Nubila
316 2774 415 2836 frome
429 2775 549 2859 fugans,
566 2775 657 2838 corde
669 2793 775 2834 serena
786 2770 851 2831 luit.

139 2867 234 2930 Fudit
247 2869 285 2932 ab
299 2889 352 2933 ore
365 2868 579 2952 jubar‘species
593 2867 735 2930 redimita
748 2867 877 2940 decore,

184 2961 318 3025 Protulit
330 2976 359 3025 et
373 2963 474 3025 radios
487 2964 586 3024 forma
597 2974 721 3024 venusta
731 2979 809 3022 snos.

267 3069 381 3120 xvus
404 3068 459 3120 AD
485 3066 604 3122 CIVES
624 3061 893 3124 TURONICOS,

135 3197 138 3204 ,
165 3157 208 3194 nn
229 3158 394 3201 auvnnnu
415 3159 592 3198 onnoonrr
615 3155 778 3217 nmscorrg
793 3153 1011 3194 ursn1ssrnr.

145 3233 320 3317 Pmomru
332 3254 436 3320 felices
447 3255 575 3340 populi,
586 3274 665 3320 nova
677 3266 747 3321 vota
757 3265 910 3329 tenentes,
