2222 3844
158 284 197 347 18
413 299 446 352 V.
470 299 503 350 Η.
531 297 780 352 FORTUNATI

153 389 301 452 Versibus
314 389 454 471 explicuit
467 388 593 450 Martini
607 390 715 473 dogma
729 389 885 474 magistri,

159 483 256 545 Sortis
270 482 442 565 apostolicae
456 504 521 562 quae
533 496 614 566 gesta
626 497 770 544 vocantur
784 497 813 544 et
826 498 911 547 actus

153 577 301 640 Facundo
316 577 437 657 eloquio
450 590 531 640 vates
545 577 668 639 sulcavit
681 577 801 638 Arator.

157 670 253 752 Quod
267 693 350 734 sacra
363 671 503 752 explicuit
515 672 591 733 serie
604 671 781 754 genealogus
793 672 870 734 olim

153 765 294 845 'Alcimus
308 765 426 848 egregio
440 765 559 848 digessit
572 768 709 828 acumine
723 766 845 847 praesul.

152 858 212 920 'Ast
225 881 279 943 ego
292 879 395 920 sensus
407 859 487 920 iners
499 859 582 921 Italas
595 872 688 940 quota
699 860 801 941 portio
815 861 945 945 linguae,

152 953 243 1017 Faece
256 955 371 1038 gravis,
392 975 532 1015 sermone
545 954 637 1030 lenis,
661 955 778 1015 ratione
790 956 978 1038 pigrescens,

153 1047 262 1110 Mente
275 1049 385 1124 hebes,
399 1063 461 1109 arte
473 1069 597 1125 carens,
613 1069 667 1108 usu
678 1048 777 1123 rudis,
793 1069 846 1110 ore
860 1072 916 1113 nec
925 1072 1052 1134 expers,
1101 1061 1102 1068 ’

156 1141 288 1205 Parvula
298 1144 499 1227 grammaticae
513 1143 649 1204 lambens
664 1136 842 1203 relluarnina
852 1157 960 1226 guttae„

153 1235 314 1298 Rhetorici
330 1238 467 1320 exiguum
482 1236 641 1318 praelibans
654 1235 775 1319 gurgitis
787 1234 928 1298 baustum

158 1329 238 1392 Cote
251 1331 439 1414 exjuridica,
464 1331 512 1393 eui
524 1331 572 1392 vix
582 1331 689 1413 rubigo
702 1331 842 1406 recessit,

158 1424 238 1505 Quae
252 1427 336 1507 prius
348 1426 479 1486 addidici
494 1427 668 1501 dediscens,
682 1436 712 1484 et
725 1425 773 1486 cui
785 1438 904 1486 tantum

155 1519 286 1580 'Artibus
301 1541 334 1580 ex
346 1519 405 1580 illis
420 1522 496 1580 odor
510 1521 597 1579 estin
609 1519 730 1579 naribus
741 1519 804 1579 istis
818 1545 826 1581 ι

154 1611 231 1673 Non
245 1625 384 1695 praetexta
397 1613 473 1672 mibi
487 1613 587 1672 rutilat
600 1625 687 1695 toga,
702 1613 816 1693 penula
827 1613 918 1674 nulla.
953 1643 955 1648 ·
1101 1609 1102 1676 l

155 1705 229 1767 Jam
242 1727 311 1768 mea
323 1707 403 1767 nuda
416 1705 511 1767 sames
523 1721 657 1788 superest
670 1707 707 1768 de
721 1728 854 1789 paupere
868 1706 977 1793 lingua
1101 1711 1102 1718 ’

158 1799 283 1863 Scilicet
296 1802 374 1862 inter
385 1813 431 1861 tot
443 1813 616 1863 sanctorum
629 1800 762 1863 culmina
774 1814 876 1863 vatum

156 1894 302 1957 Fulmina
316 1897 475 1957 doctorum
489 1908 518 1956 et
530 1897 712 1980 gemmantia
725 1909 810 1979 prata
823 1895 1004 1976 loquentum

150 1990 253 2052 'Nullo
268 1988 343 2051 llore
356 1991 456 2051 virens
470 2009 524 2074 ego
539 1990 660 2050 tendam
674 2003 772 2052 texere
785 2004 915 2066 sertum,

156 2084 262 2146 Mellis
276 2098 305 2146 et
319 2085 422 2168 irrigui
437 2086 500 2146 brec
513 2097 631 2146 austera
640 2085 796 2166 absynthia
809 2087 956 2148 miscam:

159 2178 254 2258 Quod
266 2192 367 2239 tamen
382 2192 413 2238 nt
425 2179 571 2254 lacerem,
588 2179 653 2239 lieri
668 2198 715 2238 res
728 2178 779 2239 illa
791 2181 904 2263 coegit,

158 2272 234 2352 Quo
247 2273 346 2335 minus
360 2275 425 2356 ipse
439 2295 507 2335 reus
520 2294 577 2356 pro
591 2274 719 2335 crimine
733 2274 875 2334 redderer
888 2272 991 2356 amplo
1006 2296 1018 2334 a

88 2417 91 2425 .
159 2367 386 2430 Convenienter
400 2369 483 2430 enim
495 2368 571 2429 ratio
585 2368 655 2447 quia
668 2366 758 2449 plena
772 2368 913 2448 poposcit

158 2460 413 2545 Hujuspontilicis
426 2463 503 2524 solvi
516 2462 669 2543 praeconia
681 2462 803 2537 verbis,

162 2552 257 2638 Cujus
271 2577 358 2618 eausa
368 2555 424 2617 fuit
438 2556 495 2618 hac
507 2576 557 2617 me
570 2556 691 2638 regione
705 2555 817 2617 venire.

182 2709 259 2762 UBI
284 2709 490 2764 vsssrtttr·
509 2709 739 2766 PAUPEREM
767 2709 1023 2792 CHLAMYDE.

156 2825 303 2928 Eudone
316 2845 424 2929 dignus·
433 2865 489 2906 ero
502 2842 627 2904 Martini
640 2857 721 2927 gesta
733 2843 814 2912 beati

140 2971 143 2980 ·
158 2937 317 3002 Pannonia
330 2940 441 3024 geniti,
456 2960 514 3020 qua
527 2939 610 3002 clara
619 2936 744 2998 Sabaria
756 2949 875 3012 vernat,

155 3032 324 3098 Attrectare
338 3055 430 3096 manu
444 3035 580 3118 trepida,
596 3032 644 3096 vel
656 3051 787 3116 pangere
802 3030 925 3114 lingua?

156 3125 233 3194 Non
246 3144 312 3216 eget
327 3129 378 3196 ille
392 3129 469 3194 meis
481 3129 635 3208 tenebris,
648 3127 719 3209 quia
730 3127 796 3192 luce
810 3143 973 3192 coruscans
