2218 3862
269 361 520 415 roeurrurt
548 362 680 442 irruo
702 363 756 417 rx.
895 345 956 432 307

111 454 263 516 Martinus
275 455 392 515 meritis
404 456 496 517 vasio
509 455 626 517 honore
637 457 721 518 nitet.

70 548 200 631 Leprosi
212 547 343 610 maculas
356 549 489 628 pretiosa*
499 569 554 628 per
565 549 666 611 oscula
677 569 822 634 purgans,

113 639 174 704 Cui
186 642 266 721 quod
279 641 317 701 ab
332 660 385 701 ore
398 641 499 716 dedit,
514 661 587 721 pax,
603 641 754 704 medicina
766 642 830 703 suit.

70 733 186 796 Ulcera
199 734 333 795 morbosi
346 753 453 796 curans
465 735 508 796 sic
518 734 603 797 fauce
615 736 733 811 beatus,

113 826 209 908 Quod
221 826 366 888 dordonis
379 828 454 910 ugit,
468 840 561 890 tractu
574 829 666 890 saliva
677 828 757 891 iacit.

70 983 116 1035 t't.
139 979 203 1033 UBl
228 978 529 1032 CATECHUMENUM
547 984 570 1033 A
586 983 713 1036 MORTE
731 983 956 1038 SUSClTAVlT.

72 1083 183 1194 Qvltt
196 1123 341 1186 generosa
352 1103 425 1166 lides
437 1101 565 1165 Martini
577 1105 609 1165 in
623 1104 721 1168 secula
733 1107 821 1183 ciris,

112 1194 178 1276 Qui
192 1218 369 1276 quocunque
381 1196 455 1271 ruit,
470 1216 553 1258 mors
567 1197 611 1257 ibi
623 1200 723 1279 perdit
736 1201 803 1261 iter.

67 1285 212 1368 Denique
225 1289 296 1351 dum
309 1288 437 1352 extincto
449 1290 678 1352 catechumenus
688 1313 742 1354 ore
752 1294 885 1375 jaceret,

111 1379 153 1443 Se
164 1403 257 1464 super
268 1384 428 1445 extendens
438 1383 547 1466 effugat
560 1403 644 1444 arma
655 1385 747 1448 necis.

70 1473 124 1538 Sic
135 1477 232 1538 viduae
244 1477 345 1560 genito
356 1476 493 1556 laqueato
507 1477 617 1539 deinde
632 1479 778 1554 reducto,

110 1567 167 1631 Est
177 1570 224 1631 vir
235 1571 287 1631 ubi
300 1570 355 1632 iste
368 1569 449 1646 Dei,
463 1591 526 1632 non
540 1570 609 1633 lieet
622 1570 667 1633 ire
680 1572 772 1633 mori.

135 1721 204 1773 Vll.
224 1720 296 1774 UBI
318 1722 457 1774 PlNUlll
488 1721 733 1776 SUCCIDERE
752 1722 892 1777 FECIT.

70 1821 273 1904 Ftntrtorte
285 1843 392 1924 pinum
406 1856 522 1905 sanctus
532 1844 683 1908 succidere
696 1866 821 1929 cogens,

108 1937 231 1998 Justum
245 1937 287 1998 ibi
300 1936 456 2017 supposuit
469 1937 579 1999 rustica
591 1937 681 2000 turba
695 1940 804 2020 premi.

37 2071 41 2078 ·
70 2029 157 2095 Caesa
169 2030 266 2092 securi
279 2029 370 2090 arbor
382 2049 452 2091 cum
464 2031 526 2111 jam
540 2032 623 2091 daret
634 2032 693 2092 ulta
706 2032 822 2100 ruinam
830 2074 845 2107 ‚‚

108 2125 158 2185 Ad
171 2124 267 2185 crucis
278 2123 442 2204 imperium
456 2137 499 2184 est
511 2124 556 2184 ire
571 2137 673 2186 coacta
687 2137 778 2185 retro.

70 2217 149 2299 Quis
160 2218 245 2300 vigor
256 2217 305 2278 lric
316 2216 404 2278 fidei?
417 2217 522 2278 validae
536 2218 607 2279 dum
620 2218 756 2298 pondera
767 2215 849 2298 pini,

110 2310 184 2391 Quo
195 2323 301 2374 nutura
312 2323 414 2392 neget,
428 2331 500 2373 crux
511 2310 581 2373 seuit
591 2311 636 2373 ire
647 2311 737 2373 viam.

109 2477 180 2529 Vlll.
200 2476 260 2529 UBl
278 2475 428 2528 PUERUlll
444 2477 468 2527 Α
486 2474 670 2529 SERPENTE
687 2471 905 2528 PEttcusstJttt

420 2565 587 2605 cunovrr.

71 2653 258 2738 Srnrnurrs
267 2694 373 2735 morsu
384 2673 538 2735 tumidum
546 2693 687 2755 supremo
700 2685 875 2758 regentem,

109 2767 174 2830 llic
187 2767 315 2850 digitum
330 2780 362 2827 ut
375 2767 493 2847 posuit,
509 2767 601 2849 pestis
613 2767 716 2846 iniqua
726 2766 801 2827 fluit

68 2859 209 2924 Collecto
221 2863 330 2923 morbo
342 2860 401 2922 hue
412 2873 441 2920 et
453 2861 491 2921 ab
505 2860 604 2922 ulcere
615 2860 726 2941 pollice
739 2872 835 2922 tracto
847 2901 857 2935 ,

107 2956 251 3037 Dumque
262 2973 379 3017 venena
391 2955 516 3029 eadunt,
530 2954 617 3036 erigit
630 2954 681 3014 ille
695 2966 793 3035 caput.

66 3047 326 3134 Unguentomque
337 3068 452 3108 novum
463 3047 561 3129 digitis
573 3047 692 3108 traxisse
703 3063 873 3120 venenum,

106 3141 148 3204 Et
159 3155 239 3208 tactu
253 3140 376 3206 artificis
388 3140 431 3206 sic
442 3158 595 3221 superasse
609 3160 711 3204 neces.
751 3167 754 3177 ⁴
