2222 3844
151 299 207 366 56³·
308 335 311 340 ·
365 321 783 381 rrau.ruorrruunrr·
864 320 877 386 ’.

154 413 190 476 si
202 433 266 478 non
278 433 353 479 voce
367 429 483 499 polest,
498 416 572 507 Helu
583 441 641 502 pro
654 442 732 485 voce
742 435 915 506 precatur,¹⁸

155 509 209 574 Sic
221 511 285 572 fera
297 527 390 594 parva
402 513 478 594 jacet
491 511 620 575 Martini
633 517 765 600 tegmine
778 531 856 597 tuta,

151 606 194 668 Et
207 608 330 669 recubat
342 607 422 670 dulci
435 607 625 690 defcnpaisub
637 610 755 676 arboris
767 615 887 682 umbra.

151 700 241 765 Tunc
254 723 337 766 sacer
351 723 386 764 ex
398 701 657 788 soliln‘niiseratus
670 727 757 768 more
770 708 882 770 salubri

149 795 304 878 Imperat,
318 811 351 881 ul
364 796 454 863 catuli
468 799 589 862 cess'en'l·
596 786 725 862 abeunte
739 803 853 886 fugace.

150 895 193 956 At
204 913 288 955 sacer
302 893 353 955 ille
366 899 673 962 canum‘moxsermo
687 898 819 960 cucurrit
832 897 864 958 in
879 917 993 976 aures,
1097 899 1100 906 “

150 987 352 1070 'l’orpescunc¹
358 988 465 1070 agiles,
478 989 572 1050 verbo
585 990 693 1072 figente
708 991 826 1075 lyciscae

150 1084 315 1147 Gressibus
329 1084 484 1161 inslabiles
494 1086 661 1165 pendentes
675 1085 799 1146 saltibus
808 1087 906 1169 ipsis,

148 1177 192 1240 Et
204 1181 322 1246 rediere
337 1181 426 1242 canes
438 1178 524 1260 quasi
535 1199 593 1260 per
603 1180 726 1263 vestigia
740 1182 858 1258 cancri,

136 1271 267 1358 Effugit
281 1273 443 1338 incolumis
456 1295 513 1356 per
525 1287 630 1356 aperta
643 1272 813 1355 lepusculus
826 1297 920 1354 arva,

148 1368 192 1432 Et
207 1391 280 1432 cane
294 1370 426 1452 seposito
439 1369 601 1432 cucurrerit
614 1367 673 1429 alla
686 1370 801 1448 viator,

148 1463 215 1528 Hic
227 1465 317 1548 fugit,
332 1464 384 1525 ille
398 1464 494 1539 redit,
508 1462 609 1523 nullus
622 1463 720 1544 peric,
735 1463 804 1527 ecce
818 1465 946 1527 salutem
963 1493 973 1531 :

148 1556 204 1621 Sic
217 1579 337 1640 quoque
351 1558 487 1620 bestiolis
500 1559 705 1638 pacem'saccr
719 1558 820 1620 intulit
833 1560 922 1641 ipsis,

147 1653 360 1733 Debililasque
373 1673 483 1715 canum
493 1652 573 1714 facta.
582 1665 626 1714 est
640 1653 760 1734 pietatis
771 1655 889 1738 imago,

149 1748 216 1828 Qui
230 1748 332 1832 potius
344 1747 437 1809 vetito
450 1746 762 1828 didicerunt'pa'rcere
771 1769 896 1810 morsus

147 1841 191 1904 Et
204 1843 275 1924 quia
290 1841 447 1903 defuerant
459 1841 617 1918 homines,
632 1842 685 1903 ubi
700 1842 777 1904 mira
787 1843 928 1922 secessim

146 1938 207 2001 Nil
218 1940 255 1999 de
269 1936 356 1998 laude
371 1936 470 2018 perit,
485 1936 631 1998 miracula
643 1937 739 1998 bestia
749 1941 854 2005 sensit.
885 1983 887 1990 ·
949 2013 951 2018 Ι

150 2031 274 2114 Quanta
287 2032 379 2093 etiarn
391 2031 487 2094 sancti
499 2030 653 2092 sermonis
662 2033 755 2114 gralia
767 2032 866 2110 fulsit,

149 2129 216 2210 Qui
228 2149 298 2192 cum
310 2148 410 2209 nuper
423 2147 513 2189 ovem
526 2125 649 2187 vidisses
662 2127 773 2188 vellere
785 2141 925 2203 tonsam,

147 2223 227 2287 Haec
239 2222 384 2307 evangelii
397 2222 498 2284 dicens
510 2222 650 2282 mandata
661 2223 779 2306 peregit
795 2247 807 2284 ι·
866 2221 869 2226 ’

147 2319 292 2401 Namque
306 2320 378 2380 (luas
390 2318 506 2380 tunicas
518 2328 652 2401 gestans,
667 2337 760 2378 uuam
774 2316 883 2379 obtulit
897 2316 1033 2398 insons,

146 2413 190 2476 Et
202 2416 312 2476 nudata
325 2434 379 2477 suo
388 2415 425 2474 de
437 2413 569 2496 tegmine
580 2411 652 2472 texit
665 2425 813 2495 egentem.

145 2507 317 2591 Inspiciens
330 2509 436 2568 itidem
450 2518 567 2569 sanctus
579 2527 636 2586 per
648 2527 718 2568 rura
731 2506 889 2569 subulcum

143 2601 271 2665 Nudum
285 2602 415 2684 pellicea
428 2613 543 2662 tautum
555 2601 610 2660 'sub
622 2613 703 2661 vesle
717 2615 920 2678 trementem,

144 2698 227 2761 Ecce
241 2698 358 2772 Adam,
373 2695 530 2775 quondam
540 2695 671 2777 paradisi
683 2698 753 2758 sede
768 2696 920 2779 repulsus,

142 2791 223 2854 Exul
236 2792 274 2853 ab
286 2791 381 2877 elysio
395 2789 492 2873 pascit
501 2789 598 2873 gregis
611 2810 664 2850 ora
678 2790 759 2851 suilli
776 2814 783 2850 ι

145 2885 299 2969 Deposito
314 2887 423 2949 veleris
436 2884 539 2946 Adam
550 2884 678 2946 carnalis
689 2885 821 2962 amictu,

144 2981 247 3042 Adam
259 3003 372 3064 nempe
383 2979 456 3043 novi
467 2998 523 3040 nos
536 2980 666 3041 induere>
675 2980 769 3041 instar
782 2993 914 3063 oportet.

145 3073 233 3145 Hinc
246 3077 357 3140 iterum
371 3096 499 3142 cernens
511 3073 668 3138 vernantia
679 3076 899 3156 pratabeatus,

145 3168 222 3242 Pars
235 3186 353 3260 pastus,
367 3193 436 3257 pars
450 3171 545 3236 fossus
558 3183 639 3246 erat,
654 3188 724 3252 pars
736 3169 849 3234 floreus
862 3169 962 3256 agris,
985 3221 991 3230 .
