2230 3838
183 348 241 412 170
253 335 286 388 V·
297 334 333 385 H.
350 327 598 384 Fonnurml
610 327 848 382 POEMATUM
859 326 983 384 LIBER
996 329 1038 382 ΙΙΙ.

222 436 296 517 Quo
309 453 481 495 mereamur
493 452 603 514 opem,
615 431 743 492 subdere
757 427 835 492 colla
847 431 941 493 decet.

180 533 246 616 Qui
255 552 310 592 sna
321 550 392 591 rura
408 527 497 604 colit,
511 527 587 589 solet
597 527 707 588 horrea
717 525 808 606 plena
819 539 937 605 tenere,

219 627 290 690 Nee
301 627 418 708 jejunus
431 623 504 699 erit,
519 624 570 703 qui
583 641 636 684 sna
646 641 718 682 rnra
730 621 811 684 colit.

178 721 241 784 Per
252 741 336 781 mare
348 732 439 779 nauta
449 717 545 794 volat,
560 737 620 797 quo
633 715 727 776 multa
737 715 866 799 pecnnia
879 728 1004 794 οτεεωῐ,ἱ

219 814 375 877 Mercibus
388 825 420 873 nt
432 811 564 893 placeat,
578 831 635 892 per
645 831 730 871 mare
742 822 832 871 nanta
843 811 934 872 volat.

177 909 253 971 Non
267 909 353 969 timet
365 907 417 968 ille
428 927 536 969 necem
547 907 631 968 rabie
644 908 782 968 turbante
794 905 952 987 procellae:

219 1001 266 1064 Ut
276 1003 407 1064 lucretur
419 1023 510 1083 opes,
524 1022 587 1062 non
599 1001 686 1063 timet
699 1001 751 1062 ille
763 1022 880 1065 necem.

176 1097 270 1160 Miles
281 1098 318 1158 ad
331 1115 415 1157 arma
426 1096 508 1157 venit
520 1117 655 1176 qnaerens
666 1116 723 1178 per
735 1095 859 1159 vulnera
869 1093 1016 1177 palmam,

217 1191 264 1254 Ut
275 1193 378 1253 redeat
387 1191 499 1267 vietor,
513 1190 602 1252 miles
614 1191 652 1250 ad
665 1209 750 1251 arma
761 1191 852 1252 venit.

175 1286 285 1350 Praelia
295 1307 380 1348 sume
393 1286 490 1347 libens
501 1285 577 1346 mssri
590 1298 623 1346 tn
634 1305 754 1366 qnoque
768 1306 836 1348 care
849 1287 977 1364 sodalis,

218 1380 311 1444 Unde
323 1380 493 1463 triumphus
504 1380 576 1455 erit,
590 1378 694 1461 praelia
707 1384 792 1440 sume
804 1378 915 1443 libens.

177 1476 324 1559 Quisquis
335 1495 439 1536 amore
449 1476 547 1551 venit,
559 1474 655 1536 nescit
664 1495 695 1536 se
709 1474 789 1536 [erre
803 1475 961 1554 laborem,

218 1571 323 1632 Nemo
337 1569 442 1630 labore
453 1573 548 1652 jacet,
563 1568 695 1648 quisquis
706 1589 810 1631 amore
823 1570 919 1631 venit.

177 1663 326 1728 Carmina
338 1684 430 1743 parva
440 1663 540 1724 ferens
550 1663 607 1725 tibi
620 1663 721 1724 debita
733 1665 828 1725 reddo
838 1665 960 1744 salutis,

218 1756 285 1821 Des
298 1756 425 1823 meliora
437 1778 565 1841 precor,
576 1759 709 1824 carmina
721 1780 814 1843 parva
826 1759 938 1824 ferens.
