2222 3852
172 343 233 417 att
414 357 787 412 nurenrunnrr

169 445 332 528 imperiale
345 459 432 527 caput
446 467 569 531 regnum
581 449 687 524 trahit,
702 463 789 530 atque
802 463 958 530 senatum,

210 539 242 599 N
246 561 280 600 ec
291 552 442 621 spectante
455 542 520 617 die,
534 563 602 604 curn
614 544 696 605 venit
707 544 800 619 hora,
816 547 902 625 rapit.

168 631 256 716 Quid
270 646 337 693 sunt
347 652 430 695 arma
441 635 533 700 viris?
542 633 632 698 Cadit
641 635 759 698 Hector
772 651 801 698 et
814 636 893 700 ultor
899 637 1041 714 Achilles,

211 726 286 811 Ajax
299 729 330 787 in
342 727 449 812 clypeo
462 749 565 791 murus
578 729 703 791 Achaeus
717 731 792 791 obit.

168 818 256 904 ¹Quid
269 822 340 882 satis
350 833 392 882 est
405 823 515 904 cupido
526 824 642 906 gremio
656 825 736 902 qnod
749 824 853 886 condit
863 825 975 887 avaro?

210 914 338 976 Deliciis
350 915 445 976 solitis
457 914 573 976 Attalus
586 928 687 978 auctus
697 917 792 978 ahest.

103 1083 108 1090 ι
171 1007 237 1087 Qui
249 1028 310 1068 non
325 1021 456 1068 versutus
470 1009 592 1071 recubet
604 1011 675 1070 dum
688 1009 746 1070 line
761 1029 925 1090 supremo,

211 1100 262 1162 De
277 1099 436 1161 Palamede
450 1115 557 1182 potens
569 1121 616 1162 ars
629 1102 661 1160 in
675 1099 766 1161 Ulixe
778 1103 868 1182 perit.

169 1193 286 1255 Forma
298 1207 419 1256 venusta
431 1193 512 1270 lluit,
528 1193 635 1257 cecidit
647 1193 866 1275 pulcherrimus
877 1193 990 1270 Astur,

212 1286 351 1349 Occnbat
366 1285 569 1372 Hippolytus,
583 1307 640 1349 nec
653 1299 820 1368 superextat
833 1286 937 1348 Adon.

165 1378 242 1445 Non
253 1380 341 1463 agiles
352 1381 483 1462 lugiunt,
498 1401 557 1461 quo
570 1380 715 1442 terminus
728 1393 804 1441 extat
816 1382 975 1457 eundum,

210 1474 292 1536 Nam
305 1473 475 1535 cumfratre
489 1472 569 1536 celer
579 1486 661 1535 sorte
674 1471 822 1553 Quirinus
835 1473 911 1534 otii.

167 1565 255 1650 ¹Quid
269 1588 341 1650 rogo
352 1580 454 1630 cantus
466 1567 524 1651 agit
535 1566 665 1628 modulis
678 1566 826 1628 blanditus
838 1566 934 1630 acutis
944 1609 960 1643 ,

211 1659 355 1743 Orpheus
367 1675 396 1723 et
409 1662 536 1746 cytharae
547 1681 603 1722 vox
614 1660 745 1720 animata
753 1660 853 1740 jacet?

166 1753 269 1818 Docta
281 1755 437 1817 recessuris
451 1755 522 1834 quid
535 1754 657 1835 prodest
669 1750 769 1833 lingua
777 1750 941 1832 sophistis,

91 1845 93 1850 ’
210 1849 276 1928 Qui
286 1848 407 1911 voluere
421 1847 505 1926 loqui
518 1866 607 1908 curra
619 1845 747 1906 rotunda
760 1843 846 1925 poli?

166 1941 303 2015 Archita‚
313 1939 504 2024 Pythagoras,
514 1939 633 2012 Aratus,
642 1936 733 2011 Cato,
741 1935 1042 2021 Plato‚Chrysippus‚

207 2034 311 2096 Turba
326 2033 538 2095 Cleantharum
553 2031 640 2092 stulta
652 2029 752 2092 saville
764 2030 861 2114 cubat.

166 2121 1040 2210 ¹QuidvepoctupotestMaro,Lysa‚lllenunder,Homerus,

210 2221 351 2301 Quorum
364 2222 445 2280 nuda
456 2218 520 2278 tolo
532 2217 670 2278 membra
680 2215 837 2297 sepulchra
849 2216 977 2298 tegunt?

171 2311 252 2377 Cum
264 2314 343 2375 venit
353 2325 534 2384 extremum,
547 2331 645 2388 neque
656 2309 748 2370 musis
761 2308 897 2371 carmina
905 2319 1046 2391 prosunt,

210 2407 279 2468 Nec
289 2410 370 2488 jurat
383 2404 503 2483 eloquio
517 2403 676 2464 detinuisse
690 2401 795 2462 melos.

169 2499 223 2562 Sic
233 2501 304 2559 dum
317 2511 426 2580 puncta
440 2498 566 2571 cadunt,
581 2496 694 2578 lugiunt
708 2493 864 2575 praesentia
877 2513 1004 2571 rerum,

210 2591 252 2652 Et
264 2592 330 2654 vitre
343 2591 474 2652 tabulam
487 2603 597 2650 tessera
610 2601 693 2670 rapta
705 2588 793 2649 levat:

172 2685 228 2748 Est
240 2697 339 2745 tamen
353 2704 411 2746 una
424 2683 517 2758 sulus,
534 2682 602 2763 pia,
617 2682 760 2757 maxima,
775 2678 869 2741 dulcis
881 2690 912 2740 et
921 2677 1041 2760 ampla,

211 2776 362 2857 Perpetuo
376 2776 456 2836 trino
470 2796 557 2857 posse
570 2775 690 2856 placere
701 2773 781 2835 Deo.

172 2869 245 2932 Hoc
255 2869 333 2932 valet
346 2883 433 2950 atque
445 2869 540 2952 viget,
555 2880 674 2942 manet,
689 2879 718 2927 et
730 2886 827 2946 neque
840 2865 902 2925 tine
918 2861 1050 2945 perihit,

211 2963 296 3027 Hinc
308 2983 425 3044 qnoque
439 2974 508 3042 post
517 2961 665 3022 tumulum
678 2960 807 3022 nascitur
820 2957 917 3019 almus
930 2957 1040 3018 honor.

171 3056 265 3139 Quod
278 3068 410 3140 superest
420 3056 524 3116 hahitu
536 3056 714 3116 meritorum
726 3051 802 3114 flore
813 3052 921 3128 heato,

213 3147 317 3214 Suavis
329 3153 475 3234 justorum
487 3147 590 3234 flagrat
602 3149 678 3220 odor
690 3143 815 3210 tumulo.
