<?xml version="1.0" encoding="UTF-8"?>
<!DOCTYPE html PUBLIC "-//W3C//DTD XHTML 1.0 Transitional//EN"
    "http://www.w3.org/TR/xhtml1/DTD/xhtml1-transitional.dtd">
<html xmlns="http://www.w3.org/1999/xhtml" xml:lang="en" lang="en">
 <head>
  <title>
</title>
<meta http-equiv="Content-Type" content="text/html;charset=utf-8" />
  <meta name='ocr-system' content='tesseract 3.04.00' />
  <meta name='ocr-capabilities' content='ocr_page ocr_carea ocr_par ocr_line ocrx_word'/>
</head>
<body>
  <div class='ocr_page' id='page_1' title='image "./venantiihonorii00unkngoog_0285.png"; bbox 0 0 2222 3852; ppageno 0'>
   <div class='ocr_carea' id='block_1_1' title="bbox 67 315 951 3110">
    <p class='ocr_par' dir='ltr' id='par_1_1' title="bbox 266 315 946 402">
     <span class='ocr_line' id='line_1_1' title="bbox 266 315 946 402; baseline 0.003 -26"><span class='ocrx_word' id='word_1_1' title='bbox 266 320 507 376; x_wconf 66' lang='lat' dir='ltr'><strong>construunt</strong></span> <span class='ocrx_word' id='word_1_2' title='bbox 530 320 657 377; x_wconf 76' lang='lat' dir='ltr'><strong>moun</strong></span> <span class='ocrx_word' id='word_1_3' title='bbox 679 325 748 376; x_wconf 82' lang='lat' dir='ltr'><strong>vm.</strong></span> <span class='ocrx_word' id='word_1_4' title='bbox 790 375 797 390; x_wconf 30' lang='lat' dir='ltr'>x</span> <span class='ocrx_word' id='word_1_5' title='bbox 885 315 946 402; x_wconf 73' lang='lat'><strong>269</strong></span> 
     </span>
    </p>

    <p class='ocr_par' dir='ltr' id='par_1_2' title="bbox 110 393 853 494">
     <span class='ocr_line' id='line_1_2' title="bbox 110 393 853 494; baseline 0.011 -24"><span class='ocrx_word' id='word_1_6' title='bbox 110 413 205 494; x_wconf 81' lang='lat' dir='ltr'><strong>Quod</strong></span> <span class='ocrx_word' id='word_1_7' title='bbox 217 412 281 474; x_wconf 85' lang='lat' dir='ltr'><strong>sine</strong></span> <span class='ocrx_word' id='word_1_8' title='bbox 293 428 344 472; x_wconf 87' lang='lat' dir='ltr'><strong>me</strong></span> <span class='ocrx_word' id='word_1_9' title='bbox 356 409 420 471; x_wconf 90' lang='lat' dir='ltr'><strong>sola</strong></span> <span class='ocrx_word' id='word_1_10' title='bbox 432 423 537 470; x_wconf 89' lang='lat' dir='ltr'><strong>moesta</strong></span> <span class='ocrx_word' id='word_1_11' title='bbox 548 413 659 492; x_wconf 87' lang='lat' dir='ltr'><strong>jaceret</strong></span> <span class='ocrx_word' id='word_1_12' title='bbox 671 414 772 478; x_wconf 88' lang='lat' dir='ltr'><strong>humo.</strong></span> <span class='ocrx_word' id='word_1_13' title='bbox 845 393 853 408; x_wconf 52' lang='lat'><strong><em>⁹</em></strong></span> 
     </span>
    </p>

    <p class='ocr_par' dir='ltr' id='par_1_3' title="bbox 68 503 769 680">
     <span class='ocr_line' id='line_1_3' title="bbox 68 503 741 591; baseline 0.001 -22"><span class='ocrx_word' id='word_1_14' title='bbox 68 505 164 591; x_wconf 88' lang='lat' dir='ltr'><strong>Cujus</strong></span> <span class='ocrx_word' id='word_1_15' title='bbox 176 507 214 568; x_wconf 90' lang='lat' dir='ltr'><strong>ab</strong></span> <span class='ocrx_word' id='word_1_16' title='bbox 228 526 282 567; x_wconf 85' lang='lat' dir='ltr'><strong>ore</strong></span> <span class='ocrx_word' id='word_1_17' title='bbox 295 504 389 566; x_wconf 85' lang='lat' dir='ltr'><strong>fluens</strong></span> <span class='ocrx_word' id='word_1_18' title='bbox 402 503 501 564; x_wconf 84' lang='lat' dir='ltr'><strong>nativo</strong></span> <span class='ocrx_word' id='word_1_19' title='bbox 514 517 594 587; x_wconf 83' lang='lat' dir='ltr'><strong>gutta</strong></span> <span class='ocrx_word' id='word_1_20' title='bbox 607 507 741 586; x_wconf 87' lang='lat' dir='ltr'><strong>liquore,</strong></span> 
     </span>
     <span class='ocr_line' id='line_1_4' title="bbox 110 595 769 680; baseline 0.002 -18"><span class='ocrx_word' id='word_1_21' title='bbox 110 601 188 664; x_wconf 86' lang='lat' dir='ltr'><strong>Haec</strong></span> <span class='ocrx_word' id='word_1_22' title='bbox 200 601 281 661; x_wconf 86' lang='lat' dir='ltr'><strong>dedit</strong></span> <span class='ocrx_word' id='word_1_23' title='bbox 291 600 322 660; x_wconf 91' lang='lat' dir='ltr'><strong>in</strong></span> <span class='ocrx_word' id='word_1_24' title='bbox 335 595 469 660; x_wconf 84' lang='lat' dir='ltr'><strong>tremulis</strong></span> <span class='ocrx_word' id='word_1_25' title='bbox 480 598 563 680; x_wconf 83' lang='lat' dir='ltr'><strong>signa</strong></span> <span class='ocrx_word' id='word_1_26' title='bbox 577 600 670 662; x_wconf 87' lang='lat' dir='ltr'><strong>relata</strong></span> <span class='ocrx_word' id='word_1_27' title='bbox 681 603 769 665; x_wconf 89' lang='lat' dir='ltr'><strong>notis.</strong></span> 
     </span>
    </p>

    <p class='ocr_par' dir='ltr' id='par_1_4' title="bbox 67 691 949 869">
     <span class='ocr_line' id='line_1_5' title="bbox 67 691 949 782; baseline 0.005 -26"><span class='ocrx_word' id='word_1_28' title='bbox 67 693 169 758; x_wconf 85' lang='lat' dir='ltr'><strong>Strata</strong></span> <span class='ocrx_word' id='word_1_29' title='bbox 178 695 243 757; x_wconf 87' lang='lat' dir='ltr'><strong>solo</strong></span> <span class='ocrx_word' id='word_1_30' title='bbox 252 695 364 762; x_wconf 81' lang='lat' dir='ltr'><strong>recubo</strong></span> <span class='ocrx_word' id='word_1_31' title='bbox 374 691 663 776; x_wconf 85' lang='lat' dir='ltr'><strong>lacrymans,neque</strong></span> <span class='ocrx_word' id='word_1_32' title='bbox 673 699 855 777; x_wconf 69' lang='lat' dir='ltr'><strong>cerno‘quod</strong></span> <span class='ocrx_word' id='word_1_33' title='bbox 864 713 949 782; x_wconf 86' lang='lat' dir='ltr'><strong>opto,</strong></span> 
     </span>
     <span class='ocr_line' id='line_1_6' title="bbox 107 785 755 869; baseline 0.002 -20"><span class='ocrx_word' id='word_1_34' title='bbox 107 787 218 850; x_wconf 81' lang='lat' dir='ltr'><strong>TrIstis</strong></span> <span class='ocrx_word' id='word_1_35' title='bbox 228 789 260 848; x_wconf 91' lang='lat' dir='ltr'><strong>in</strong></span> <span class='ocrx_word' id='word_1_36' title='bbox 273 785 412 868; x_wconf 82' lang='lat' dir='ltr'><strong>amplexu</strong></span> <span class='ocrx_word' id='word_1_37' title='bbox 423 801 546 869; x_wconf 85' lang='lat' dir='ltr'><strong>pectore</strong></span> <span class='ocrx_word' id='word_1_38' title='bbox 557 807 622 848; x_wconf 82' lang='lat' dir='ltr'><strong>saxa</strong></span> <span class='ocrx_word' id='word_1_39' title='bbox 636 810 755 869; x_wconf 82' lang='lat' dir='ltr'><strong>premo.</strong></span> 
     </span>
    </p>

    <p class='ocr_par' dir='ltr' id='par_1_5' title="bbox 69 881 931 1058">
     <span class='ocr_line' id='line_1_7' title="bbox 69 881 861 965; baseline 0 -21"><span class='ocrx_word' id='word_1_40' title='bbox 69 881 193 965; x_wconf 84' lang='lat' dir='ltr'><strong>Sponso</strong></span> <span class='ocrx_word' id='word_1_41' title='bbox 205 883 326 943; x_wconf 87' lang='lat' dir='ltr'><strong>absente</strong></span> <span class='ocrx_word' id='word_1_42' title='bbox 340 902 464 943; x_wconf 88' lang='lat' dir='ltr'><strong>manens</strong></span> <span class='ocrx_word' id='word_1_43' title='bbox 475 895 538 942; x_wconf 85' lang='lat' dir='ltr'><strong>tam</strong></span> <span class='ocrx_word' id='word_1_44' title='bbox 552 883 625 942; x_wconf 87' lang='lat' dir='ltr'><strong>dura</strong></span> <span class='ocrx_word' id='word_1_45' title='bbox 637 883 747 944; x_wconf 89' lang='lat' dir='ltr'><strong>cubilia</strong></span> <span class='ocrx_word' id='word_1_46' title='bbox 759 884 861 962; x_wconf 78' lang='lat' dir='ltr'><strong>servo,</strong></span> 
     </span>
     <span class='ocr_line' id='line_1_8' title="bbox 109 976 931 1058; baseline 0.004 -21"><span class='ocrx_word' id='word_1_47' title='bbox 109 976 181 1039; x_wconf 88' lang='lat' dir='ltr'><strong>Nec</strong></span> <span class='ocrx_word' id='word_1_48' title='bbox 193 997 277 1051; x_wconf 84' lang='lat' dir='ltr'><strong>mea,</strong></span> <span class='ocrx_word' id='word_1_49' title='bbox 291 996 381 1055; x_wconf 91' lang='lat' dir='ltr'><strong>quem</strong></span> <span class='ocrx_word' id='word_1_50' title='bbox 392 977 533 1057; x_wconf 84' lang='lat' dir='ltr'><strong>cupiunt,</strong></span> <span class='ocrx_word' id='word_1_51' title='bbox 547 976 685 1038; x_wconf 87' lang='lat' dir='ltr'><strong>membra</strong></span> <span class='ocrx_word' id='word_1_52' title='bbox 696 990 798 1040; x_wconf 86' lang='lat' dir='ltr'><strong>tenere</strong></span> <span class='ocrx_word' id='word_1_53' title='bbox 809 986 931 1058; x_wconf 83' lang='lat' dir='ltr'><strong>queunt.</strong></span> 
     </span>
    </p>

    <p class='ocr_par' dir='ltr' id='par_1_6' title="bbox 68 1070 951 1246">
     <span class='ocr_line' id='line_1_9' title="bbox 68 1070 951 1154; baseline 0.002 -22"><span class='ocrx_word' id='word_1_54' title='bbox 68 1070 951 1154; x_wconf 83' lang='lat' dir='ltr'><strong>Dicuhisis,quemexpectogemens,quateurberequiram,</strong></span> 
     </span>
     <span class='ocr_line' id='line_1_10' title="bbox 111 1163 756 1246; baseline -0.002 -20"><span class='ocrx_word' id='word_1_55' title='bbox 111 1165 221 1246; x_wconf 85' lang='lat' dir='ltr'><strong>Quave</strong></span> <span class='ocrx_word' id='word_1_56' title='bbox 235 1184 357 1243; x_wconf 85' lang='lat' dir='ltr'><strong>sequar,</strong></span> <span class='ocrx_word' id='word_1_57' title='bbox 373 1163 462 1225; x_wconf 89' lang='lat' dir='ltr'><strong>nullis</strong></span> <span class='ocrx_word' id='word_1_58' title='bbox 473 1164 578 1223; x_wconf 87' lang='lat' dir='ltr'><strong>semita</strong></span> <span class='ocrx_word' id='word_1_59' title='bbox 589 1177 660 1224; x_wconf 88' lang='lat' dir='ltr'><strong>nota</strong></span> <span class='ocrx_word' id='word_1_60' title='bbox 673 1163 756 1227; x_wconf 90' lang='lat' dir='ltr'><strong>locis.</strong></span> 
     </span>
    </p>

    <p class='ocr_par' dir='ltr' id='par_1_7' title="bbox 69 1257 854 1436">
     <span class='ocr_line' id='line_1_11' title="bbox 69 1257 854 1341; baseline 0 -21"><span class='ocrx_word' id='word_1_61' title='bbox 69 1259 142 1341; x_wconf 87' lang='lat' dir='ltr'><strong>lpsa</strong></span> <span class='ocrx_word' id='word_1_62' title='bbox 153 1259 257 1321; x_wconf 76' lang='lat' dir='ltr'><strong>venire</strong></span> <span class='ocrx_word' id='word_1_63' title='bbox 270 1258 361 1319; x_wconf 85' lang='lat' dir='ltr'><strong>veiim</strong></span> <span class='ocrx_word' id='word_1_64' title='bbox 376 1277 560 1339; x_wconf 85' lang='lat' dir='ltr'><strong>properans,</strong></span> <span class='ocrx_word' id='word_1_65' title='bbox 575 1257 600 1317; x_wconf 90' lang='lat' dir='ltr'><strong>si</strong></span> <span class='ocrx_word' id='word_1_66' title='bbox 613 1271 714 1338; x_wconf 85' lang='lat' dir='ltr'><strong>posset</strong></span> <span class='ocrx_word' id='word_1_67' title='bbox 726 1257 757 1318; x_wconf 92' lang='lat' dir='ltr'><strong>in</strong></span> <span class='ocrx_word' id='word_1_68' title='bbox 769 1259 854 1324; x_wconf 73' lang='lat' dir='ltr'><strong>astris</strong></span> 
     </span>
     <span class='ocr_line' id='line_1_12' title="bbox 112 1351 749 1436; baseline -0.002 -22"><span class='ocrx_word' id='word_1_69' title='bbox 112 1351 249 1416; x_wconf 88' lang='lat' dir='ltr'><strong>Pendule</strong></span> <span class='ocrx_word' id='word_1_70' title='bbox 260 1352 415 1436; x_wconf 76' lang='lat' dir='ltr'><strong>sydereum</strong></span> <span class='ocrx_word' id='word_1_71' title='bbox 429 1351 530 1432; x_wconf 88' lang='lat' dir='ltr'><strong>planta</strong></span> <span class='ocrx_word' id='word_1_72' title='bbox 543 1363 646 1412; x_wconf 87' lang='lat' dir='ltr'><strong>tenere</strong></span> <span class='ocrx_word' id='word_1_73' title='bbox 660 1351 749 1413; x_wconf 89' lang='lat' dir='ltr'><strong>viam.</strong></span> 
     </span>
    </p>

    <p class='ocr_par' dir='ltr' id='par_1_8' title="bbox 70 1445 820 1621">
     <span class='ocr_line' id='line_1_13' title="bbox 70 1445 820 1527; baseline -0.005 -18"><span class='ocrx_word' id='word_1_74' title='bbox 70 1447 165 1509; x_wconf 85' lang='lat' dir='ltr'><strong>Nunc</strong></span> <span class='ocrx_word' id='word_1_75' title='bbox 175 1447 240 1507; x_wconf 87' lang='lat' dir='ltr'><strong>sine</strong></span> <span class='ocrx_word' id='word_1_76' title='bbox 252 1458 282 1505; x_wconf 88' lang='lat' dir='ltr'><strong>te</strong></span> <span class='ocrx_word' id='word_1_77' title='bbox 295 1445 383 1506; x_wconf 83' lang='lat' dir='ltr'><strong>fuscis</strong></span> <span class='ocrx_word' id='word_1_78' title='bbox 396 1445 525 1527; x_wconf 83' lang='lat' dir='ltr'><strong>graviter</strong></span> <span class='ocrx_word' id='word_1_79' title='bbox 535 1464 594 1503; x_wconf 81' lang='lat' dir='ltr'><strong>nox</strong></span> <span class='ocrx_word' id='word_1_80' title='bbox 606 1457 732 1526; x_wconf 87' lang='lat' dir='ltr'><strong>occupat</strong></span> <span class='ocrx_word' id='word_1_81' title='bbox 748 1445 820 1520; x_wconf 85' lang='lat' dir='ltr'><strong>alis,</strong></span> 
     </span>
     <span class='ocr_line' id='line_1_14' title="bbox 112 1537 765 1621; baseline -0.003 -21"><span class='ocrx_word' id='word_1_82' title='bbox 112 1539 242 1621; x_wconf 80' lang='lat' dir='ltr'><strong>ipsaque</strong></span> <span class='ocrx_word' id='word_1_83' title='bbox 253 1537 316 1598; x_wconf 89' lang='lat' dir='ltr'><strong>sole</strong></span> <span class='ocrx_word' id='word_1_84' title='bbox 329 1539 443 1600; x_wconf 87' lang='lat' dir='ltr'><strong>micans</strong></span> <span class='ocrx_word' id='word_1_85' title='bbox 456 1550 499 1598; x_wconf 88' lang='lat' dir='ltr'><strong>cst</strong></span> <span class='ocrx_word' id='word_1_86' title='bbox 512 1537 587 1596; x_wconf 89' lang='lat' dir='ltr'><strong>mihi</strong></span> <span class='ocrx_word' id='word_1_87' title='bbox 602 1557 679 1598; x_wconf 86' lang='lat' dir='ltr'><strong>caeca</strong></span> <span class='ocrx_word' id='word_1_88' title='bbox 692 1537 765 1598; x_wconf 87' lang='lat' dir='ltr'><strong>dics.</strong></span> 
     </span>
    </p>

    <p class='ocr_par' dir='ltr' id='par_1_9' title="bbox 72 1630 895 1806">
     <span class='ocr_line' id='line_1_15' title="bbox 72 1630 895 1708; baseline 0 -15"><span class='ocrx_word' id='word_1_89' title='bbox 72 1633 169 1708; x_wconf 87' lang='lat' dir='ltr'><strong>Lilia,</strong></span> <span class='ocrx_word' id='word_1_90' title='bbox 184 1632 348 1706; x_wconf 81' lang='lat' dir='ltr'><strong>narcissus,</strong></span> <span class='ocrx_word' id='word_1_91' title='bbox 362 1630 464 1704; x_wconf 84' lang='lat' dir='ltr'><strong>violae,</strong></span> <span class='ocrx_word' id='word_1_92' title='bbox 479 1650 564 1704; x_wconf 88' lang='lat' dir='ltr'><strong>rosa,</strong></span> <span class='ocrx_word' id='word_1_93' title='bbox 578 1631 706 1706; x_wconf 89' lang='lat' dir='ltr'><strong>nardus,</strong></span> <span class='ocrx_word' id='word_1_94' title='bbox 721 1649 895 1708; x_wconf 78' lang='lat' dir='ltr'><strong>amomum,</strong></span> 
     </span>
     <span class='ocr_line' id='line_1_16' title="bbox 114 1722 757 1806; baseline -0.002 -19"><span class='ocrx_word' id='word_1_95' title='bbox 114 1724 280 1787; x_wconf 85' lang='lat' dir='ltr'><strong>Obiectant</strong></span> <span class='ocrx_word' id='word_1_96' title='bbox 291 1723 408 1784; x_wconf 83' lang='lat' dir='ltr'><strong>animos</strong></span> <span class='ocrx_word' id='word_1_97' title='bbox 420 1724 556 1806; x_wconf 84' lang='lat' dir='ltr'><strong>germina</strong></span> <span class='ocrx_word' id='word_1_98' title='bbox 568 1722 650 1783; x_wconf 87' lang='lat' dir='ltr'><strong>nulla</strong></span> <span class='ocrx_word' id='word_1_99' title='bbox 663 1744 757 1786; x_wconf 88' lang='lat' dir='ltr'><strong>meos.</strong></span> 
     </span>
    </p>

    <p class='ocr_par' dir='ltr' id='par_1_10' title="bbox 72 1815 798 1994">
     <span class='ocr_line' id='line_1_17' title="bbox 72 1815 798 1899; baseline -0.003 -20"><span class='ocrx_word' id='word_1_100' title='bbox 72 1818 121 1882; x_wconf 88' lang='lat' dir='ltr'><strong>Ut</strong></span> <span class='ocrx_word' id='word_1_101' title='bbox 131 1832 162 1880; x_wconf 85' lang='lat' dir='ltr'><strong>te</strong></span> <span class='ocrx_word' id='word_1_102' title='bbox 177 1817 361 1899; x_wconf 81' lang='lat' dir='ltr'><strong>conspiciam</strong></span> <span class='ocrx_word' id='word_1_103' title='bbox 374 1837 431 1897; x_wconf 90' lang='lat' dir='ltr'><strong>per</strong></span> <span class='ocrx_word' id='word_1_104' title='bbox 440 1815 555 1898; x_wconf 83' lang='lat' dir='ltr'><strong>singula</strong></span> <span class='ocrx_word' id='word_1_105' title='bbox 565 1815 668 1876; x_wconf 86' lang='lat' dir='ltr'><strong>nubila</strong></span> <span class='ocrx_word' id='word_1_106' title='bbox 681 1818 798 1898; x_wconf 79' lang='lat' dir='ltr'><strong>pendo,</strong></span> 
     </span>
     <span class='ocr_line' id='line_1_18' title="bbox 115 1909 775 1994; baseline -0.003 -21"><span class='ocrx_word' id='word_1_107' title='bbox 115 1909 157 1973; x_wconf 86' lang='lat' dir='ltr'><strong>Et</strong></span> <span class='ocrx_word' id='word_1_108' title='bbox 170 1931 241 1994; x_wconf 83' lang='lat' dir='ltr'><strong>vaga</strong></span> <span class='ocrx_word' id='word_1_109' title='bbox 254 1932 310 1993; x_wconf 87' lang='lat' dir='ltr'><strong>per</strong></span> <span class='ocrx_word' id='word_1_110' title='bbox 321 1909 445 1971; x_wconf 84' lang='lat' dir='ltr'><strong>nebulas</strong></span> <span class='ocrx_word' id='word_1_111' title='bbox 458 1909 573 1969; x_wconf 89' lang='lat' dir='ltr'><strong>lumina</strong></span> <span class='ocrx_word' id='word_1_112' title='bbox 585 1909 667 1971; x_wconf 91' lang='lat' dir='ltr'><strong>ducit</strong></span> <span class='ocrx_word' id='word_1_113' title='bbox 679 1929 775 1972; x_wconf 83' lang='lat' dir='ltr'><strong>amor.</strong></span> 
     </span>
    </p>

    <p class='ocr_par' dir='ltr' id='par_1_11' title="bbox 75 2003 799 2177">
     <span class='ocr_line' id='line_1_19' title="bbox 75 2003 799 2086; baseline 0 -20"><span class='ocrx_word' id='word_1_114' title='bbox 75 2003 157 2067; x_wconf 87' lang='lat' dir='ltr'><strong>Ecce</strong></span> <span class='ocrx_word' id='word_1_115' title='bbox 169 2003 354 2086; x_wconf 87' lang='lat' dir='ltr'><strong>procellosos</strong></span> <span class='ocrx_word' id='word_1_116' title='bbox 365 2014 500 2083; x_wconf 84' lang='lat' dir='ltr'><strong>suspecta</strong></span> <span class='ocrx_word' id='word_1_117' title='bbox 512 2003 664 2085; x_wconf 83' lang='lat' dir='ltr'><strong>interrogo</strong></span> <span class='ocrx_word' id='word_1_118' title='bbox 677 2016 799 2080; x_wconf 83' lang='lat' dir='ltr'><strong>ventos,</strong></span> 
     </span>
     <span class='ocr_line' id='line_1_20' title="bbox 118 2096 784 2177; baseline -0.003 -19"><span class='ocrx_word' id='word_1_119' title='bbox 118 2096 204 2177; x_wconf 85' lang='lat' dir='ltr'><strong>Quid</strong></span> <span class='ocrx_word' id='word_1_120' title='bbox 217 2097 292 2157; x_wconf 90' lang='lat' dir='ltr'><strong>mihi</strong></span> <span class='ocrx_word' id='word_1_121' title='bbox 306 2097 342 2157; x_wconf 87' lang='lat' dir='ltr'><strong>de</strong></span> <span class='ocrx_word' id='word_1_122' title='bbox 356 2097 481 2156; x_wconf 90' lang='lat' dir='ltr'><strong>domino</strong></span> <span class='ocrx_word' id='word_1_123' title='bbox 493 2096 609 2156; x_wconf 79' lang='lat' dir='ltr'><strong>nuntiet</strong></span> <span class='ocrx_word' id='word_1_124' title='bbox 620 2115 690 2157; x_wconf 83' lang='lat' dir='ltr'><strong>aura</strong></span> <span class='ocrx_word' id='word_1_125' title='bbox 703 2117 784 2158; x_wconf 89' lang='lat' dir='ltr'><strong>meo.</strong></span> 
     </span>
    </p>

    <p class='ocr_par' dir='ltr' id='par_1_12' title="bbox 77 2189 796 2366">
     <span class='ocr_line' id='line_1_21' title="bbox 77 2189 796 2271; baseline -0.003 -19"><span class='ocrx_word' id='word_1_126' title='bbox 77 2189 200 2270; x_wconf 84' lang='lat' dir='ltr'><strong>Proque</strong></span> <span class='ocrx_word' id='word_1_127' title='bbox 212 2191 269 2250; x_wconf 85' lang='lat' dir='ltr'><strong>tuis</strong></span> <span class='ocrx_word' id='word_1_128' title='bbox 282 2189 408 2271; x_wconf 90' lang='lat' dir='ltr'><strong>pedibus</strong></span> <span class='ocrx_word' id='word_1_129' title='bbox 421 2189 510 2270; x_wconf 89' lang='lat' dir='ltr'><strong>cupio</strong></span> <span class='ocrx_word' id='word_1_130' title='bbox 525 2203 669 2250; x_wconf 80' lang='lat' dir='ltr'><strong>coementa</strong></span> <span class='ocrx_word' id='word_1_131' title='bbox 680 2190 796 2264; x_wconf 86' lang='lat' dir='ltr'><strong>lavare,</strong></span> 
     </span>
     <span class='ocr_line' id='line_1_22' title="bbox 117 2282 755 2366; baseline -0.005 -21"><span class='ocrx_word' id='word_1_132' title='bbox 117 2285 159 2345; x_wconf 81' lang='lat' dir='ltr'><strong>Et</strong></span> <span class='ocrx_word' id='word_1_133' title='bbox 170 2297 221 2344; x_wconf 86' lang='lat' dir='ltr'><strong>tua</strong></span> <span class='ocrx_word' id='word_1_134' title='bbox 232 2283 346 2365; x_wconf 84' lang='lat' dir='ltr'><strong>templa</strong></span> <span class='ocrx_word' id='word_1_135' title='bbox 358 2282 433 2342; x_wconf 88' lang='lat' dir='ltr'><strong>mihi</strong></span> <span class='ocrx_word' id='word_1_136' title='bbox 447 2295 562 2366; x_wconf 79' lang='lat' dir='ltr'><strong>tergere</strong></span> <span class='ocrx_word' id='word_1_137' title='bbox 576 2283 660 2346; x_wconf 87' lang='lat' dir='ltr'><strong>crine</strong></span> <span class='ocrx_word' id='word_1_138' title='bbox 673 2283 755 2345; x_wconf 85' lang='lat' dir='ltr'><strong>libet.</strong></span> 
     </span>
    </p>

    <p class='ocr_par' dir='ltr' id='par_1_13' title="bbox 78 2375 891 2553">
     <span class='ocr_line' id='line_1_23' title="bbox 78 2375 891 2456; baseline 0.001 -17"><span class='ocrx_word' id='word_1_139' title='bbox 78 2377 234 2456; x_wconf 84' lang='lat' dir='ltr'><strong>Quicquid</strong></span> <span class='ocrx_word' id='word_1_140' title='bbox 246 2378 318 2452; x_wconf 91' lang='lat' dir='ltr'><strong>erit,</strong></span> <span class='ocrx_word' id='word_1_141' title='bbox 331 2375 475 2448; x_wconf 80' lang='lat' dir='ltr'><strong>tolerem3</strong></span> <span class='ocrx_word' id='word_1_142' title='bbox 491 2388 559 2438; x_wconf 87' lang='lat' dir='ltr'><strong>sunt</strong></span> <span class='ocrx_word' id='word_1_143' title='bbox 574 2377 678 2438; x_wconf 92' lang='lat' dir='ltr'><strong>omnia</strong></span> <span class='ocrx_word' id='word_1_144' title='bbox 690 2376 788 2439; x_wconf 86' lang='lat' dir='ltr'><strong>dulcia</strong></span> <span class='ocrx_word' id='word_1_145' title='bbox 800 2378 891 2456; x_wconf 86' lang='lat' dir='ltr'><strong>dura,</strong></span> 
     </span>
     <span class='ocr_line' id='line_1_24' title="bbox 118 2469 817 2553; baseline 0 -22"><span class='ocrx_word' id='word_1_146' title='bbox 118 2470 230 2533; x_wconf 90' lang='lat' dir='ltr'><strong>Donec</strong></span> <span class='ocrx_word' id='word_1_147' title='bbox 245 2484 274 2532; x_wconf 89' lang='lat' dir='ltr'><strong>te</strong></span> <span class='ocrx_word' id='word_1_148' title='bbox 295 2471 432 2547; x_wconf 82' lang='lat' dir='ltr'><strong>videam,</strong></span> <span class='ocrx_word' id='word_1_149' title='bbox 446 2471 509 2532; x_wconf 84' lang='lat' dir='ltr'><strong>haec</strong></span> <span class='ocrx_word' id='word_1_150' title='bbox 519 2470 594 2530; x_wconf 90' lang='lat' dir='ltr'><strong>mihi</strong></span> <span class='ocrx_word' id='word_1_151' title='bbox 608 2491 697 2553; x_wconf 82' lang='lat' dir='ltr'><strong>poena</strong></span> <span class='ocrx_word' id='word_1_152' title='bbox 710 2469 817 2552; x_wconf 88' lang='lat' dir='ltr'><strong>placet.</strong></span> 
     </span>
    </p>

    <p class='ocr_par' dir='ltr' id='par_1_14' title="bbox 77 2563 904 2735">
     <span class='ocr_line' id='line_1_25' title="bbox 77 2563 904 2646; baseline 0.004 -22"><span class='ocrx_word' id='word_1_153' title='bbox 77 2563 126 2625; x_wconf 76' lang='lat' dir='ltr'><strong>&#39;l&#39;u</strong></span> <span class='ocrx_word' id='word_1_154' title='bbox 138 2577 239 2625; x_wconf 88' lang='lat' dir='ltr'><strong>tamen</strong></span> <span class='ocrx_word' id='word_1_155' title='bbox 254 2577 316 2625; x_wconf 89' lang='lat' dir='ltr'><strong>esto</strong></span> <span class='ocrx_word' id='word_1_156' title='bbox 329 2584 449 2625; x_wconf 87' lang='lat' dir='ltr'><strong>memor</strong></span> <span class='ocrx_word' id='word_1_157' title='bbox 462 2565 604 2643; x_wconf 87' lang='lat' dir='ltr'><strong>quoniam</strong></span> <span class='ocrx_word' id='word_1_158' title='bbox 619 2578 671 2625; x_wconf 88' lang='lat' dir='ltr'><strong>tua</strong></span> <span class='ocrx_word' id='word_1_159' title='bbox 683 2578 752 2626; x_wconf 87' lang='lat' dir='ltr'><strong>vota</strong></span> <span class='ocrx_word' id='word_1_160' title='bbox 764 2565 904 2646; x_wconf 77' lang='lat' dir='ltr'><strong>requiro,</strong></span> 
     </span>
     <span class='ocr_line' id='line_1_26' title="bbox 120 2657 708 2735; baseline 0.002 -16"><span class='ocrx_word' id='word_1_161' title='bbox 120 2657 177 2720; x_wconf 88' lang='lat' dir='ltr'><strong>Est</strong></span> <span class='ocrx_word' id='word_1_162' title='bbox 189 2658 266 2718; x_wconf 91' lang='lat' dir='ltr'><strong>mihi</strong></span> <span class='ocrx_word' id='word_1_163' title='bbox 280 2679 350 2720; x_wconf 89' lang='lat' dir='ltr'><strong>cura</strong></span> <span class='ocrx_word' id='word_1_164' title='bbox 362 2658 424 2735; x_wconf 89' lang='lat' dir='ltr'><strong>tni,</strong></span> <span class='ocrx_word' id='word_1_165' title='bbox 439 2659 476 2718; x_wconf 88' lang='lat' dir='ltr'><strong>sit</strong></span> <span class='ocrx_word' id='word_1_166' title='bbox 487 2658 543 2720; x_wconf 89' lang='lat' dir='ltr'><strong>tibi</strong></span> <span class='ocrx_word' id='word_1_167' title='bbox 557 2677 628 2720; x_wconf 84' lang='lat' dir='ltr'><strong>cura</strong></span> <span class='ocrx_word' id='word_1_168' title='bbox 638 2658 708 2720; x_wconf 89' lang='lat' dir='ltr'><strong>mei.</strong></span> 
     </span>
    </p>

    <p class='ocr_par' dir='ltr' id='par_1_15' title="bbox 79 2751 819 2927">
     <span class='ocr_line' id='line_1_27' title="bbox 79 2751 819 2838; baseline -0.001 -24"><span class='ocrx_word' id='word_1_169' title='bbox 79 2754 157 2816; x_wconf 80' lang='lat' dir='ltr'><strong>ttaec</strong></span> <span class='ocrx_word' id='word_1_170' title='bbox 168 2753 300 2815; x_wconf 83' lang='lat' dir='ltr'><strong>reserens</strong></span> <span class='ocrx_word' id='word_1_171' title='bbox 311 2753 405 2815; x_wconf 88' lang='lat' dir='ltr'><strong>avidis</strong></span> <span class='ocrx_word' id='word_1_172' title='bbox 417 2753 543 2834; x_wconf 85' lang='lat' dir='ltr'><strong>jactabat</strong></span> <span class='ocrx_word' id='word_1_173' title='bbox 556 2751 677 2814; x_wconf 87' lang='lat' dir='ltr'><strong>brachia</strong></span> <span class='ocrx_word' id='word_1_174' title='bbox 691 2751 819 2838; x_wconf 86' lang='lat' dir='ltr'><strong>palmis,</strong></span> 
     </span>
     <span class='ocr_line' id='line_1_28' title="bbox 123 2845 701 2927; baseline -0.002 -20"><span class='ocrx_word' id='word_1_175' title='bbox 123 2845 158 2907; x_wconf 90' lang='lat' dir='ltr'><strong>Si</strong></span> <span class='ocrx_word' id='word_1_176' title='bbox 170 2847 265 2927; x_wconf 87' lang='lat' dir='ltr'><strong>possit</strong></span> <span class='ocrx_word' id='word_1_177' title='bbox 274 2846 392 2927; x_wconf 84' lang='lat' dir='ltr'><strong>plantas</strong></span> <span class='ocrx_word' id='word_1_178' title='bbox 403 2845 480 2906; x_wconf 86' lang='lat' dir='ltr'><strong>forte</strong></span> <span class='ocrx_word' id='word_1_179' title='bbox 494 2859 596 2906; x_wconf 85' lang='lat' dir='ltr'><strong>tencre</strong></span> <span class='ocrx_word' id='word_1_180' title='bbox 609 2865 701 2908; x_wconf 83' lang='lat' dir='ltr'><strong>meas.</strong></span> 
     </span>
    </p>

    <p class='ocr_par' dir='ltr' id='par_1_16' title="bbox 78 2937 841 3110">
     <span class='ocr_line' id='line_1_29' title="bbox 78 2937 841 3022; baseline -0.008 -20"><span class='ocrx_word' id='word_1_181' title='bbox 78 2940 167 3002; x_wconf 89' lang='lat' dir='ltr'><strong>Dum</strong></span> <span class='ocrx_word' id='word_1_182' title='bbox 180 2940 305 3022; x_wconf 80' lang='lat' dir='ltr'><strong>decepta</strong></span> <span class='ocrx_word' id='word_1_183' title='bbox 319 2941 376 3000; x_wconf 87' lang='lat' dir='ltr'><strong>sibi</strong></span> <span class='ocrx_word' id='word_1_184' title='bbox 390 2939 453 3002; x_wconf 88' lang='lat' dir='ltr'><strong>sine</strong></span> <span class='ocrx_word' id='word_1_185' title='bbox 467 2959 516 3000; x_wconf 89' lang='lat' dir='ltr'><strong>me</strong></span> <span class='ocrx_word' id='word_1_186' title='bbox 530 2959 582 2999; x_wconf 82' lang='lat' dir='ltr'><strong>sua</strong></span> <span class='ocrx_word' id='word_1_187' title='bbox 595 2939 696 2998; x_wconf 77' lang='lat' dir='ltr'><strong>dextra</strong></span> <span class='ocrx_word' id='word_1_188' title='bbox 709 2937 841 3011; x_wconf 78' lang='lat' dir='ltr'><strong>rediret,</strong></span> 
     </span>
     <span class='ocr_line' id='line_1_30' title="bbox 122 3031 722 3110; baseline -0.007 -16"><span class='ocrx_word' id='word_1_189' title='bbox 122 3033 261 3098; x_wconf 86' lang='lat' dir='ltr'><strong>Luminis</strong></span> <span class='ocrx_word' id='word_1_190' title='bbox 275 3033 422 3095; x_wconf 87' lang='lat' dir='ltr'><strong>instillans</strong></span> <span class='ocrx_word' id='word_1_191' title='bbox 436 3053 488 3094; x_wconf 85' lang='lat' dir='ltr'><strong>ora</strong></span> <span class='ocrx_word' id='word_1_192' title='bbox 501 3033 617 3094; x_wconf 82' lang='lat' dir='ltr'><strong>lavabat</strong></span> <span class='ocrx_word' id='word_1_193' title='bbox 630 3031 722 3110; x_wconf 82' lang='lat' dir='ltr'><strong>aquis.</strong></span> 
     </span>
    </p>
   </div>
   <div class='ocr_carea' id='block_1_2' title="bbox 82 3122 923 3278">
    <p class='ocr_par' dir='ltr' id='par_1_17' title="bbox 82 3122 923 3278">
     <span class='ocr_line' id='line_1_31' title="bbox 82 3122 923 3210; baseline -0.013 -18"><span class='ocrx_word' id='word_1_194' title='bbox 82 3125 166 3196; x_wconf 84' lang='lat' dir='ltr'><strong>Cum</strong></span> <span class='ocrx_word' id='word_1_195' title='bbox 178 3128 335 3193; x_wconf 85' lang='lat' dir='ltr'><strong>recubaret</strong></span> <span class='ocrx_word' id='word_1_196' title='bbox 348 3128 462 3206; x_wconf 89' lang='lat' dir='ltr'><strong>humo,</strong></span> <span class='ocrx_word' id='word_1_197' title='bbox 475 3148 573 3210; x_wconf 88' lang='lat' dir='ltr'><strong>neque</strong></span> <span class='ocrx_word' id='word_1_198' title='bbox 585 3126 662 3190; x_wconf 87' lang='lat' dir='ltr'><strong>victa</strong></span> <span class='ocrx_word' id='word_1_199' title='bbox 671 3142 782 3205; x_wconf 84' lang='lat' dir='ltr'><strong>sopore</strong></span> <span class='ocrx_word' id='word_1_200' title='bbox 794 3122 923 3203; x_wconf 81' lang='lat' dir='ltr'><strong>quievit,</strong></span> 
     </span>
     <span class='ocr_line' id='line_1_32' title="bbox 799 3217 848 3278; baseline 0.041 -2"><span class='ocrx_word' id='word_1_201' title='bbox 799 3217 848 3278; x_wconf 83' lang='lat'><strong>23.</strong></span> 
     </span>
    </p>
   </div>
   <div class='ocr_carea' id='block_1_3' title="bbox 0 0 1136 3852">
    <p class='ocr_par' dir='ltr' id='par_1_18' title="bbox 0 0 1136 3852">
     <span class='ocr_line' id='line_1_33' title="bbox 0 0 1136 3852; baseline 0 0"><span class='ocrx_word' id='word_1_202' title='bbox 0 0 1136 3852; x_wconf 95' lang='lat' dir='ltr'><strong> </strong></span> 
     </span>
    </p>
   </div>
  </div>
 </body>
</html>
