2222 3852
151 297 212 386 278
404 308 439 359 v.
468 307 501 358 u.
528 306 778 360 ronrunurr

188 405 260 468 llius
271 417 485 485 contemnens,
496 406 549 468 has
560 406 704 470 retinebis
713 429 798 490 opes.

148 498 274 583 Suscipe
287 501 378 562 missa
390 500 446 562 tibi
460 501 613 562 variorum
627 522 753 564 munera
766 501 895 582 florum,

185 597 236 656 Ad
248 617 323 677 quos
336 609 366 657 te
376 597 477 679 potius
491 596 551 658 vita
564 597 650 657 beata
663 610 759 659 vocat.

146 685 225 771 Quae
237 691 331 752 modo
343 703 373 752 te
385 690 518 766 cmcias,
531 691 693 752 recreanda
704 691 737 750 in
750 691 816 754 luce
829 692 929 755 futura
941 738 953 771 ,

186 785 306 867 Aspicis
315 785 387 847 binc
397 784 493 868 qualis
505 798 534 845 te
548 784 691 845 retinebit
702 805 782 867 ager.

144 875 206 940 Per
218 898 318 940 ramos
331 878 449 963 fragiles
460 899 535 959 quos
547 900 628 942 nunc
640 878 810 962 praebemus
824 881 965 962 olentes,

186 970 346 1055 Perpeude
358 973 430 1034 binc
444 986 570 1054 quantus
583 986 613 1035 te
631 973 780 1036 refovebit
794 976 879 1037 odor.

144 1067 220 1132 Haec
232 1068 281 1130 cui
294 1068 460 1144 debentur,
474 1089 601 1150 precor,
616 1083 648 1130 ut
663 1091 733 1132 cum
747 1072 865 1132 veneris
878 1072 980 1153 illuc,

186 1162 300 1244 Meque
311 1164 370 1224 tuis
380 1164 497 1225 meritis
510 1165 629 1226 dextera
639 1165 750 1226 blande
763 1168 868 1228 trahat.

144 1258 293 1338 Quamvis
303 1273 333 1320 te
346 1271 459 1341 spectet
471 1259 601 1341 paradisi
614 1258 711 1343 gloria
723 1258 854 1336 ilorum,

184 1352 251 1414 lstae
263 1373 316 1415 vos
329 1353 454 1435 cupiunt
465 1357 527 1436 jam
541 1353 677 1416 revidere
690 1354 781 1416 sores.

142 1447 185 1511 Et
194 1449 266 1511 licet
276 1448 395 1532 egregio
407 1448 564 1511 videantur
577 1449 671 1508 odore
685 1447 826 1529 placere,

186 1540 258 1604 Plus
272 1555 379 1603 ornant
390 1543 530 1625 proprias
541 1555 570 1602 te
583 1544 725 1604 redeunte
737 1565 849 1606 comas.

167 1684 219 1736 tx.
244 1686 297 1736 ΑΙ)
322 1685 516 1752 ΕΑΝΒΕΜ,
536 1685 621 1738 CUM
644 1684 692 1737 SE
709 1685 1012 1742 RECLUDERET.

144 1793 250 1884 Mens
263 1821 399 1883 foecunda
411 1819 480 1882 Deo
493 1821 703 1905 Radegundis,
716 1821 776 1882 vita
788 1843 950 1898 sororum,

186 1917 265 1999 Quae
277 1929 310 1975 ut
321 1915 422 1976 foveas
438 1917 572 1976 animam
586 1916 723 1977 membre
736 1915 887 1977 domanda
904 1916 1034 1999 premis.

143 2014 253 2076 Annua
264 2023 332 2090 rota
345 2008 447 2072 colens
457 2010 550 2070 hodie
563 2009 727 2072 claudenda
740 2010 886 2087 recurris,

184 2105 338 2167 Errabunt
350 2103 445 2164 animi
457 2115 487 2165 te
499 2104 665 2184 repetendo
679 2102 750 2163 mei.

143 2200 273 2264 Lumine
286 2219 377 2280 quam
389 2198 476 2261 citius
485 2198 595 2258 nostris
606 2196 765 2259 abscondis
778 2195 895 2259 ocellis!

183 2295 267 2355 Nam
278 2294 342 2356 sine
356 2305 384 2354 te
398 2292 527 2353 nimium
541 2303 629 2354 nocte
642 2302 801 2373 premente
814 2311 932 2374 gravor.

145 2386 299 2452 Omnibus
312 2386 434 2450 exclusis
447 2408 507 2448 uno
520 2385 698 2447 retineberis
711 2397 816 2459 antro,

185 2483 270 2544 Nam
283 2482 375 2564 magis
388 2481 514 2544 includis
528 2501 603 2560 quos
613 2479 685 2542 facis
695 2500 756 2540 esse
771 2479 854 2540 soris.

143 2577 184 2638 Et
196 2576 266 2639 iicet
277 2576 327 2638 hic
340 2575 429 2636 lateas
441 2575 583 2636 brevibus
596 2573 717 2658 fugitiva
733 2573 856 2647 diebus,

184 2669 319 2752 Longior
330 2668 378 2730 bic
391 2669 503 2729 mensis
516 2688 606 2748 quarn
618 2668 699 2731 celer
712 2687 806 2727 annus
819 2667 884 2726 erit.

142 2761 300 2846 Tempora
310 2763 448 2824 subducis
461 2784 516 2825 ceu
527 2781 590 2823 non
603 2762 731 2824 videaris
744 2761 874 2836 amanti,

185 2855 266 2921 Cum
281 2871 332 2918 vo's
346 2858 417 2918 dum
430 2877 539 2934 cerno,
552 2858 611 2919 boc
624 2856 700 2917 mihi
712 2857 805 2919 credo
816 2873 936 2938 parum.

145 2952 206 3017 Sed
219 2965 320 3014 tamen
333 2972 367 3012 ex
380 2963 450 3011 roto
461 2964 563 3012 tecum
578 2951 734 3012 veniemus
747 2949 779 3010 in
791 2968 906 3026 unum,

184 3048 226 3108 Et
236 3068 345 3126 sequor
357 3046 414 3108 huc
427 3045 549 3121 auimo,
564 3066 624 3124 quo
637 3057 717 3107 vetat
729 3044 775 3106 ire
788 3044 880 3105 locus.

144 3139 217 3204 Hoc
228 3160 354 3222 precor,
367 3139 552 3208 incolumem
565 3140 697 3200 reserant
708 3151 738 3200 te
750 3137 856 3223 gaudia
865 3133 1007 3212 Paschae,
