2222 3852
146 357 206 400 220
400 355 434 408 V.
461 353 497 407 ll.
524 353 773 410 Fonrvttatrt
808 375 809 382 ¹

145 443 218 509 Hoc
231 460 357 529 propter
369 457 467 508 tantos
479 445 637 530 peregrina
649 459 749 509 secuta
761 446 899 524 labores,

184 536 247 600 Pro
258 541 323 604 vice
336 541 394 602 tale
405 539 480 600 mibi
494 560 601 601 munus
614 540 737 602 alumna
750 541 862 602 refers?

143 629 282 714 Optabas
293 633 408 716 pariter
419 633 508 694 nobis
519 633 612 694 vitam
622 645 710 714 atque
723 634 900 716 sepulchra,

131 751 135 758 ·
185 727 265 806 Quae
274 741 374 790 tecum
385 728 462 803 rixi,
477 748 527 788 me
540 728 605 789 sine
617 747 704 809 passa
716 728 806 789 mori.

143 819 234 883 Ordo
248 822 363 883 utinam
376 820 443 884 vitae
454 821 614 902 juvenique
626 822 749 902 senique
761 822 885 900 suisset,

182 911 229 974 Te
242 927 336 977 stante
349 915 512 991 ineolumi,
526 935 578 976 mc
590 914 674 996 prius
687 916 732 977 ire
745 917 824 978 neci.

140 1006 202 1070 Vix
214 1030 325 1092 paucos
337 1009 472 1090 profert,
482 1027 590 1070 vocem
603 1009 682 1091 rapit
691 1008 768 1070 alter
779 1009 817 1070 ab
831 1030 908 1086 ore,

182 1102 252 1165 Nec
264 1102 343 1165 valet
354 1121 414 1163 una
427 1101 511 1181 loqui
521 1103 604 1182 quod
615 1102 697 1164 videt
709 1101 778 1163 aula
788 1103 879 1186 gerni.

140 1195 261 1258 Interea
273 1195 391 1257 vehitur
402 1195 479 1256 tristi
493 1195 659 1279 lacrymata
668 1195 800 1272 feretro,

185 1286 283 1351 Solvit
294 1301 324 1350 et
337 1287 494 1368 obsequias
508 1288 694 1368 obsequialis
703 1310 800 1353 amor.

139 1380 289 1459 Ducitur,
304 1395 444 1457 ornatur,
459 1382 637 1464 deponitur,
649 1383 781 1463 undique
793 1381 902 1461 fletur,

184 1473 336 1540 Conditus
348 1488 378 1538 et
389 1475 506 1537 tumulo
518 1475 562 1538 sic
574 1476 734 1560 peregrina
747 1496 812 1538 suo.

140 1568 285 1632 Nascitur
296 1583 325 1631 et
337 1569 437 1631 subito
448 1588 550 1630 rerum
562 1568 702 1631 mirabile
715 1569 851 1652 signum,

182 1662 269 1722 Dum
281 1664 417 1744 pendens
429 1661 554 1746 lychnus
564 1661 642 1724 lucet
653 1663 692 1722 ad
705 1662 902 1743 obsequium,

140 1752 266 1816 Decidit
278 1755 309 1815 in
322 1755 474 1837 lapidem,
487 1774 546 1817 nee
558 1754 667 1836 vergit,
683 1767 714 1816 et
725 1754 840 1836 integer
851 1755 947 1834 arsit,

183 1844 252 1908 Nec
264 1847 375 1909 vitrum
386 1848 478 1921 saxis,
493 1865 550 1908 nee
562 1845 642 1927 perit
653 1847 729 1928 ignis
740 1847 835 1925 aquis.

140 1937 238 2002 Fama
251 1959 356 2002 recens
366 1940 477 2002 resides
489 1936 653 2000 Gennanae
664 1938 794 2021 perculit
806 1957 911 2015 aures,

182 2031 361 2114 affectuque
373 2033 426 2115 pio
440 2032 485 2095 sic
496 2044 599 2094 movet
612 2051 666 2093 ora
676 2051 774 2094 soror.

141 2125 233 2190 lianc
247 2147 318 2209 rogo
333 2126 500 2188 Germanae
509 2126 656 2186 mandasti
671 2145 739 2188 cara
751 2123 896 2203 salutem,

184 2217 304 2301 Scripta
317 2219 378 2280 tois·
387 2218 485 2301 digitis
497 2218 556 2280 boc
569 2219 646 2278 mibi
659 2218 760 2281 charta
772 2218 874 2279 refert.

144 2311 290 2375 Sollicitis
301 2312 395 2375 oculis
408 2312 601 2394 expectabam
614 2313 697 2373 unde
707 2312 841 2390 venires,

184 2404 284 2485 Quale
297 2419 417 2487 precata
429 2405 491 2481 sui,
506 2426 569 2468 non
582 2406 644 2491 agis
656 2406 730 2468 illud
742 2407 809 2467 iter.

143 2496 259 2580 Optavi
274 2497 371 2560 Gallis
383 2513 412 2560 te
426 2512 459 2560 ut
468 2500 527 2562 buc
541 2498 692 2582 Hispania
701 2500 813 2576 ferret,

181 2589 214 2652 N
217 2610 257 2650 on
270 2603 300 2651 te
312 2590 361 2653 bic
374 2590 441 2654 card
452 2612 558 2670 soror,
572 2614 635 2654 non
649 2594 693 2655 ibi
705 2605 804 2654 mater
814 2592 915 2654 babet.

139 2681 285 2744 Extremo
300 2683 443 2764 obsequio
457 2705 523 2746 non
533 2685 592 2748 buc
605 2685 818 2748 Brunecbildis
830 2685 930 2762 adivi,

112 2847 114 2852 ι
183 2773 217 2835 Si
231 2775 286 2836 tibi
299 2774 342 2836 nil
354 2776 426 2838 vivae
440 2779 547 2864 mortis
558 2779 675 2840 bonore
688 2781 803 2841 darem.

141 2866 207 2933 Cur
219 2869 376 2952 peregrina
387 2882 453 2932 tuos
465 2892 530 2933 non
542 2873 634 2935 clausi
648 2872 743 2936 dulcis
756 2871 888 2950 ocellos,

180 2963 314 3026 Auribus
324 2975 373 3023 aut
385 2964 478 3025 avidis
490 2965 596 3026 ultima
609 2966 700 3029 verba
713 2965 802 3029 bibit

141 3055 290 3120 Officium
303 3056 379 3117 tristi
392 3056 468 3116 nibil
481 3057 618 3139 impendi
631 3059 696 3140 ipsa
708 3060 825 3135 sorori,

118 3185 122 3190 ·
181 3149 343 3230 Membra,
357 3169 478 3230 manus,
493 3149 602 3217 taciem
613 3172 672 3218 nec
681 3172 788 3216 manus
800 3153 857 3216 ista
867 3151 952 3236 tegit.
