2218 3862
158 363 222 442 ³4⁶
403 381 448 436 π.
473 380 508 435 n
535 375 779 434 nortuum

202 467 275 532 Hoc
286 465 470 550 Rhodanus,
481 468 626 546 Rhenus,
640 469 717 532 luter
725 481 755 530 et
764 466 853 530 Altis
865 463 934 553 agit.

156 562 285 626 Axesnh
298 563 425 626 occiduo
438 563 550 625 audivit
563 563 694 625 Gallicis
707 563 821 626 factum

197 654 338 718 Vascone
350 657 449 719 ricino
466 655 620 719 Cantaber
635 658 691 717 ista
704 657 807 718 refert.

160 746 266 812 Currit
276 752 314 812 ad
325 765 471 813 extremus
480 750 551 812 fidei
562 750 612 832 pia
626 748 726 810 sabula
739 761 858 832 gentes,

200 841 243 904 Et
253 855 335 906 trans
348 864 494 907 oceanum
507 856 587 904 terra
599 841 748 903 Britanna
761 842 851 905 favet.

161 933 268 1017 Quam
275 937 354 1000 hene
367 958 436 1000 cum
449 936 576 998 domino
589 953 692 998 curam
706 935 827 1017 partiris
840 945 970 996 amaturi

202 1029 260 1091 llle
273 1041 338 1090 tuas
349 1049 468 1105 causas,
480 1041 513 1089 tn
526 1028 615 1104 facis,
630 1048 701 1091 ecce
714 1048 790 1092 suas.

161 1119 226 1184 Dat
238 1123 293 1184 tihi
308 1121 445 1186 Christus
455 1141 567 1204 opem,
582 1135 615 1182 tu
629 1118 753 1183 Christo
764 1120 856 1184 solvis
866 1121 1037 1196 honorent,

203 1215 262 1278 llle
272 1216 355 1278 dedit
367 1216 505 1293 culmen,
518 1216 620 1277 reddis
634 1215 741 1296 etipse
754 1209 855 1277 fidem.

160 1307 220 1374 Nil
232 1309 292 1372 fnit
302 1310 334 1371 in
347 1311 453 1386 terris,
467 1310 550 1391 quod
562 1308 630 1391 plus
642 1309 726 1370 daret
738 1307 790 1371 itte
801 1310 947 1392 regendi,

203 1401 273 1466 Nec
286 1405 369 1484 qnod
382 1402 450 1485 plus
459 1404 689 1482 reddas,qunnr
698 1403 777 1466 valet
789 1402 869 1465 aluta
881 1403 966 1468 tides

160 1495 263 1560 Exitio
276 1496 368 1579 positi
381 1510 481 1579 patres
493 1517 552 1580 pro
565 1496 691 1558 nomine
707 1494 838 1574 Christi,

202 1588 292 1653 Tunc
304 1591 422 1653 rediere
435 1591 511 1668 sihi,
526 1611 596 1654 cnm
609 1590 755 1651 diadema¹
766 1588 834 1652 tihi.

165 1679 301 1749 Carcere
314 1683 402 1745 laxati
416 1684 581 1748 residentes
593 1684 664 1746 sede
677 1683 793 1764 priori,

204 1774 281 1838 Esse
295 1776 395 1838 ierunt
406 1797 502 1838 unum
515 1790 544 1839 te
556 1775 696 1860 generale
710 1776 837 1838 honum.

162 1866 226 1931 'l'ot
237 1867 445 1932 confessorum
457 1889 564 1933 sanans
575 1881 695 1954 auguste
712 1868 854 1946 dolores,

209 1962 382 2025 Innumeris
392 1961 516 2046 populis
524 1981 585 2025 unc
597 1962 716 2025 medela
728 1963 822 2026 renis.

164 2055 281 2135 Thrax,
303 2055 414 2133 Italus,
442 2053 572 2142 Scytha,
611 2055 725 2136 Phrix,
751 2055 856 2141 Dage,
885 2053 1044 2134 Dalmata,

331 2148 509 2227 Thessalus,
523 2151 616 2227 Ater,

208 2242 305 2325 Quod
315 2244 447 2326 petriam
459 2243 586 2320 meruit,
599 2263 681 2308 nunc
692 2243 750 2308 tihi
761 2255 832 2306 vota
843 2242 923 2308 iacit.

167 2335 245 2400 Herc
259 2349 310 2399 tua
321 2335 386 2400 laus
396 2336 540 2418 princeps
553 2356 624 2400 cnut
635 2337 699 2400 sule
712 2337 842 2401 cucurrit
854 2337 887 2398 in
900 2336 1027 2414 orbem,

210 2429 284 2510 Quo
295 2450 389 2513 genus
400 2442 445 2492 est
456 2428 633 2505 huminum,
646 2431 706 2494 huc
718 2443 785 2493 tuus
797 2430 888 2492 intrat
898 2429 1008 2492 honor·

168 2522 279 2586 Gloria
291 2541 410 2586 summa
420 2523 477 2585 tihi
489 2543 592 2586 rernm
602 2537 701 2600 sator,
712 2536 802 2604 atque
813 2525 1008 2606 redemptor,

210 2615 276 2697 Qui
286 2617 338 2678 das
350 2615 375 2676 J
376 2617 507 2679 ustinnm
519 2619 612 2700 justus
624 2618 656 2679 in
670 2618 745 2680 orbe
757 2631 858 2702 caput.

169 2706 230 2774 Cui
241 2708 358 2771 meritis
371 2728 498 2791 compar
510 2711 627 2774 nubens
640 2711 777 2775 feticibus
789 2711 877 2774 annis

209 2799 341 2866 Obtinet
354 2815 509 2886 augustum
522 2805 602 2867 celse
616 2803 732 2888 Sophia
743 2807 879 2887 gradum.

168 2894 249 2978 Quae
262 2895 329 2960 loca
341 2909 442 2960 sancta
452 2896 507 2981 pio
519 2897 576 2960 tiro
588 2898 681 2974 colit,
695 2911 783 2960 ornat
793 2916 918 2975 amore,

210 2987 252 3050 Et
265 2989 336 3053 facit
347 2990 407 3056 huc
422 3003 494 3056 retu
507 3011 539 3053 ue
551 2992 693 3074 propiare
706 2991 793 3074 poio.

170 3080 264 3165 Cujus
277 3083 378 3164 prima
389 3086 462 3147 tides
476 3084 599 3147 orientis
614 3086 653 3146 ab
664 3105 716 3146 axe
729 3101 908 3161 coruscans,

211 3173 298 3238 Misit
310 3177 348 3237 ad
361 3195 501 3244 occawrn
514 3177 626 3262 fulgida
636 3180 719 3244 dona
730 3175 813 3264 Dee.
