2218 3862
172 345 232 411 302
417 359 451 411 V.
476 359 512 412 Η.
535 357 801 414 Fonrultnrr

214 474 300 538 Hine
309 471 396 554 lupe
408 472 519 533 blande
530 473 622 549 mibi,
634 471 756 534 Waldo
767 474 817 537 vel
830 475 901 539 inde
913 498 1023 548 sacer:

171 567 219 629 Ut
231 568 365 629 bonitate
377 587 464 648 pares
476 565 567 626 simul
578 566 646 627 estis
657 567 776 628 bonore
789 569 941 650 ministri,

213 661 267 723 Sic
282 659 357 720 mibi
369 660 542 721 consimiles
553 681 675 741 semper
687 681 792 723 amore
804 665 881 744 pari.

172 753 269 834 Quod
281 752 382 826 valeo,
398 751 495 828 facio,
510 753 617 814 absem
630 754 678 814 vel
690 755 831 835 dependo
844 757 997 836 salutem,

215 846 250 907 si
260 868 323 907 nou
335 866 459 927 possum
472 846 584 920 oculis,
598 867 651 908 vos
664 860 736 928 peto
750 847 899 911 litterulis.

171 939 315 1004 Pontifici
324 959 444 999 summo
455 959 512 999 uos
524 940 752 1016 commendate,
767 961 947 1022 precamur,

213 1033 346 1118 Regibus
358 1046 389 1093 et
400 1034 532 1093 dominis
545 1033 620 1093 ferte
633 1033 733 1096 salutis
746 1056 829 1116 opes.

171 1127 348 1190 Droctoreo
359 1126 439 1187 dulci
450 1125 532 1187 ciero
543 1139 573 1186 et
584 1127 758 1189 concivibus
772 1150 845 1206 oro,

215 1219 310 1300 Quod
323 1239 451 1302 praeseus
464 1219 611 1294 facerem,
626 1241 679 1281 vos
690 1221 829 1282 adhibete
841 1223 954 1286 vicem.

172 1313 362 1377 mummulus
376 1313 509 1397 egregius
520 1325 697 1391 veneretur,
714 1311 947 1397 Caesariusquc,

213 1407 256 1470 Et
270 1405 469 1470 Constantino
483 1418 712 1470 mememorato
725 1428 807 1471 meo.

223 1573 308 1625 xlv.
330 1572 375 1622 IN
397 1569 555 1624 snucrt
577 1572 812 1626 LAURENTII
836 1573 1021 1628 LAUDEM

327 1662 366 1700 nc
384 1661 711 1720 nnsrnunnrronrrn
726 1664 908 1704 nnsrnrcn.

176 1750 352 1832 Iunonum
366 1765 623 1828 merito'flammis
636 1767 776 1832 vitatibus
789 1783 872 1846 uste,

219 1861 285 1942 Qui
296 1861 429 1922 fervente
443 1862 501 1922 fide
514 1861 610 1922 victor
625 1862 662 1922 ab
673 1862 740 1945 igne
754 1864 856 1938 redis‚'

175 1954 210 2028 Y
210 1955 237 2016 ir
253 1955 360 2016 dilecte
373 1955 444 2017 Deo
455 2000 464 2030 ‚
476 1969 601 2017 terreno
611 1955 643 2016 in
657 1976 785 2037 corpore
797 1958 967 2036 quondam,

218 2048 308 2111 Tunc
319 2070 438 2129 quoque
451 2051 591 2134 sydereus
602 2052 664 2130 jam
676 2048 733 2110 tibi
746 2039 849 2110 sensus
863 2064 936 2112 erat.

180 2141 246 2226 Qui
257 2143 381 2225 potuisti
392 2141 497 2204 oculos
506 2155 586 2203 tactu
599 2162 740 2204 revocare
753 2143 902 2224 sepultos,

222 2235 338 2308 Rursus
348 2249 378 2304 et
389 2237 422 2304 in
435 2255 527 2306 vocuo
538 2235 637 2296 fronte
651 2235 764 2298 referre
778 2236 869 2298 diem.

180 2330 320 2393 Luminis
333 2329 471 2391 extinctas
484 2329 593 2392 iterum
607 2329 775 2392 accendisse
790 2328 941 2405 lucernas,

228 2423 390 2486 Credimus
399 2424 463 2484 brec
474 2422 558 2505 siguo
570 2435 599 2482 te
611 2422 737 2490 faciente
749 2421 853 2486 crucis.

183 2517 296 2579 Addita
306 2538 385 2579 nunc
402 2516 492 2576 etiam
506 2515 627 2597 populis
639 2515 785 2578 miracula
795 2528 933 2596 praestas,

225 2609 273 2669 Ut
283 2609 353 2688 tidei
364 2610 476 2670 tribuas
489 2609 691 2674 indubitanter
702 2629 805 2689 opem.

151 2688 157 2703 .
185 2704 271 2768 Dum
282 2715 332 2762 tun
345 2703 458 2782 templa
470 2715 581 2763 norant
591 2701 725 2764 breviori
736 2702 847 2762 robore
859 2699 981 2780 plebes,

230 2793 456 2876 Creveruntque
468 2797 583 2871 trabes,
596 2795 688 2864 crevit
700 2808 729 2855 et
742 2795 821 2854 alma
832 2794 914 2854 fides.

188 2892 299 2973 Stipite
312 2903 464 2958 contracto
478 2904 527 2956 tua
539 2911 570 2950 se
582 2890 721 2953 mercede
735 2888 878 2961 tetendit,

231 2982 389 3067 Quantum
399 3005 490 3072 parva
502 2985 603 3065 prius,
618 2996 721 3065 posteo
732 3002 805 3043 caesa
818 2981 882 3040 init.

191 3076 336 3145 Crescere
350 3079 417 3161 pius
429 3077 539 3138 meruit
551 3079 662 3139 succisa
673 3075 825 3138 securibus
838 3074 944 3153 arbor,

232 3171 273 3240 Et
283 3173 386 3234 didicit
398 3173 475 3234 sicca
488 3171 605 3254 longior
618 3191 681 3233 csso
693 3187 792 3232 coma.
