2222 3844
171 339 228 392 nc
253 339 352 394 rrra
379 338 407 392 s.
431 337 610 394 unnrrur
638 339 766 395 nruun
788 345 841 400 ιν.
908 327 949 419 '73

65 431 133 495 Non
148 433 262 495 incudo
275 431 363 505 terit,
379 429 541 510 fornaxque
555 433 704 494 examinat
716 434 805 517 igne,

62 526 126 590 Nec
137 528 267 588 mordax
278 526 401 609 gemino
409 525 529 606 forceps
542 527 696 589 trutinavit
709 529 840 593 obunco.

62 619 119 683 Sed
138 621 237 705 magis
248 620 438 700 incomptum
451 621 567 702 profert
580 642 647 683 mea
662 623 760 707 lingua
775 627 948 708 metallum,

58 714 120 778 Res
133 731 241 777 tamen
253 714 305 775 illa
314 717 395 796 juvat
408 715 472 776 sine
486 715 619 795 qualibet
630 715 719 778 ullius
730 733 809 792 arte;

60 810 157 890 Quod
171 829 272 892 perse
286 808 443 889 pulchram
455 810 575 891 praefert
590 829 642 871 sua
653 813 745 894 gratia
755 835 918 898 gemmam.

55 903 206 966 Attamen
220 902 313 965 oflicii
325 925 390 982 quae
402 915 513 964 restant
526 904 627 964 debita
640 905 772 984 solvam,

53 995 95 1059 Et
108 1000 163 1062 cui
177 1017 287 1080 magna
297 997 389 1057 nimis
399 998 493 1058 modo
507 997 623 1074 debeo,
639 1019 730 1080 parva
744 1008 889 1085 rependo.

56 1090 217 1154 Carnutes
226 1093 340 1152 interea
352 1091 484 1174 genitam
496 1103 582 1173 pater
595 1093 696 1155 anxius
708 1117 818 1179 aegram

53 1185 103 1246 Ex
116 1200 208 1250 utero
224 1200 339 1247 mutam
351 1186 468 1268 profert
481 1207 566 1248 sacro
578 1207 632 1249 ore
645 1191 843 1267 medendam,

57 1277 119 1345 Sex
128 1283 270 1368 geminos
280 1282 409 1364 graviter
420 1281 562 1342 hebetem
574 1282 638 1343 sine
651 1304 725 1345 voce
738 1306 794 1366 per
806 1305 910 1349 annos.

55 1375 130 1442 Nec
142 1378 248 1440 differt
264 1375 414 1436 lllartinus
427 1396 519 1458 opem
533 1377 653 1457 pietatis
668 1378 808 1440 emicem,

57 1469 220 1535 Sternitur
233 1492 303 1554 ergo
316 1470 382 1531 solo
394 1471 500 1532 tacitus
513 1491 604 1552 prece
617 1470 716 1532 sidera
728 1473 869 1554 pulsans,

59 1563 208 1649 Corpore
223 1565 302 1627 fusus
314 1564 416 1639 humi,
431 1564 559 1625 volitans
572 1585 663 1646 super
676 1566 786 1628 aethera
800 1589 898 1632 sensu.

60 1658 168 1722 Sensit
181 1673 214 1722 ut
229 1659 370 1722 effectum
383 1659 454 1720 fidei
467 1658 611 1719 meruisse
624 1673 763 1741 precatu,
915 1657 917 1662 ’

58 1753 330 1819 sanctificaturum
342 1753 415 1814 ferri
429 1753 487 1813 sibi
499 1753 597 1834 poscit
611 1752 742 1831 olivum,

59 1846 240 1931 lufuditque
249 1849 295 1909 ori
306 1846 499 1909 benedictum
510 1846 593 1930 fruge
605 1847 773 1928 liquorem,

62 1943 165 2025 Atque
176 1956 281 2003 tenens
295 1941 387 2024 digito
401 1940 534 2024 linguam
546 1941 719 2002 miserando
734 1943 859 2024 puellae,

61 2035 132 2120 lpse
147 2036 244 2118 patris
254 2055 368 2096 nomen
380 2035 496 2119 geniale
506 2035 634 2114 requirit
646 2035 785 2099 alumnae.

60 2129 140 2194 Mox
154 2129 287 2192 resoluta
297 2142 400 2191 movet
413 2129 507 2190 faucis
519 2128 585 2212 lyra
597 2129 714 2191 tinnula
726 2131 892 2212 plectrum,

59 2225 167 2307 Atque
180 2224 295 2284 insueta
308 2224 387 2285 canit
400 2223 543 2284 camerati
557 2223 672 2286 concha
688 2224 798 2306 palati,

60 2317 170 2381 Dente
181 2316 271 2378 relisa
283 2335 357 2380 cavo
369 2317 541 2398 producens
552 2317 645 2378 verba
659 2316 783 2394 fritillo,

60 2411 299 2496 Responditque
310 2410 403 2493 patris
413 2430 528 2472 nornen
542 2411 593 2493 pia
604 2411 666 2471 filia
679 2410 775 2471 dulce.

59 2505 184 2570 Ventre
197 2506 280 2589 prius
291 2504 407 2590 genita,
420 2504 472 2567 hic
481 2504 544 2566 visa
557 2517 601 2566 est
612 2504 697 2586 quasi
709 2523 784 2566 voce
797 2516 916 2584 renata,

58 2603 182 2664 Reddit
195 2600 295 2662 adulta
305 2612 388 2663 vetus
401 2598 543 2662 lactantes
557 2619 610 2660 ore
625 2618 779 2675 susurros,

56 2695 223 2778 Incipiens
234 2708 339 2756 tenero
353 2693 547 2776 proscindere
559 2692 650 2756 verba
663 2706 780 2770 rotatu,

60 2788 158 2851 Motu
172 2790 257 2873 pigra
269 2788 338 2849 rudi
351 2789 511 2851 decurrens
524 2788 624 2872 lingua
636 2788 802 2872 gradatim,

62 2881 225 2966 Implicito
238 2883 337 2944 sonitu
348 2901 437 2945 rauca
449 2881 583 2943 novitate
596 2881 711 2958 cicuta,

64 2977 179 3042 Donec
191 2976 283 3059 plena
294 2995 349 3038 suo
363 2975 472 3040 cecinit
483 2975 665 3061 symphonia
677 2974 759 3036 flatu.

64 3070 155 3135 Tunc
166 3070 287 3156 genitor
297 3090 393 3154 genua
405 3068 590 3150 amplectens
602 3071 773 3132 veneranda
782 3067 882 3143 beati,

66 3163 251 3230 Vociferans
261 3177 291 3227 et
303 3185 378 3229 voce
389 3167 457 3228 data
467 3183 521 3226 sua
533 3164 640 3248 gaudia
651 3164 776 3246 plorans

800 3276 817 3335 7
