2222 3844
161 275 216 328 DE
243 273 343 328 vira
370 273 400 327 S·
425 273 614 326 MARTINI
636 271 768 326 LIBER
791 273 831 325 11.
899 258 939 334 dr

66 367 128 431 Hoc
140 369 222 449 quod
235 366 315 449 apud
328 377 464 427 sanctum
476 364 532 425 luit
545 363 652 426 ordine
663 363 904 448 presbyteratus,

64 463 204 547 Augustus
216 461 343 525 conviva
355 459 477 536 minor,
491 481 549 521 vox
560 479 618 520 una
630 480 686 540 per
699 459 809 522 urbem

64 556 228 618 lllartinum
239 557 344 618 iecisse
356 557 436 618 canit
448 555 503 618 sub
516 554 664 636 principis
677 574 751 632 ora,

63 652 174 716 Judicis
184 653 219 713 in
230 651 353 713 minimi
365 671 468 711 mensa
478 651 561 731 quod
574 669 667 711 nemo
679 649 801 711 valeret.

62 745 248 827 Erubuitque
258 745 340 808 aliud
349 746 420 808 hinc
433 746 533 808 dicere
545 745 633 806 turba
645 743 778 821 satelles,

63 841 178 924 Siquid
191 841 277 902 enirn
290 841 385 904 voluit
395 861 453 923 pro
464 839 601 923 supplice
616 838 694 901 sorte
706 840 844 922 precari,

60 934 272 1018 induperatori
285 933 437 996 Martinus
447 948 479 996 et
490 935 621 1016 imperat
633 934 703 1016 ipsi.

62 1028 122 1110 Qui
132 1043 238 1091 tamen
245 1028 381 1114 Augusto
394 1029 531 1112 praedixit
544 1027 755 1106 sorteiutura,

61 1123 211 1208 Prospera
224 1147 292 1206 quae
304 1137 451 1202 meteret,
469 1148 535 1206 quae
545 1147 616 1186 mox
627 1126 777 1190 contraria
786 1124 897 1203 ferret,

61 1217 195 1282 Motibus
206 1220 305 1282 ltaliae
316 1234 468 1304 pugnante
478 1219 697 1283 Valentiniano
709 1265 720 1298 ‚

62 1310 211 1376 Maximus
223 1327 256 1377 ut
267 1316 376 1378 occidit
386 1328 457 1397 post
470 1315 550 1378 bella
561 1318 692 1378 secunda
703 1328 866 1400 tyrannus,

64 1407 123 1490 Qui
135 1430 228 1495 grave
240 1411 395 1474 sucurbuit
407 1410 549 1492 Aquileia
558 1410 697 1493 protinus
710 1409 806 1487 urbe,

62 1502 186 1566 Martini
204 1505 294 1568 dictis
304 1517 335 1565 et
346 1505 440 1567 verbo
455 1505 534 1567 libra
543 1505 699 1587 pependit.

66 1597 198 1663 Coetibus
211 1600 355 1684 angelicis
367 1600 446 1662 visus
456 1621 535 1682 saepe
549 1614 638 1680 atque
651 1601 786 1680 locutus,

63 1691 185 1758 Miscuit
194 1696 344 1757 humanas
354 1695 463 1756 turmis
476 1695 646 1758 coelestibus
657 1716 763 1776 aures,

65 1786 145 1852 Voce
162 1790 323 1867 salutatus,
337 1790 386 1851 vel
396 1790 518 1851 nutibus
531 1791 596 1871 ipse
607 1791 737 1854 salutans

64 1883 200 1969 Aligeros
213 1905 357 1967 proceres
368 1897 491 1956 tenuata
502 1905 559 1966 per
570 1905 640 1947 aera
649 1884 768 1968 lapsos,

66 1975 192 2041 lllitibus
205 1978 346 2059 alloquiis
357 1991 474 2062 ageret,
487 1979 561 2058 quid
573 2000 652 2061 saepe
666 1994 828 2044 mouerent
836 2025 851 2059 ‚a

67 2070 127 2152 Qui
141 2075 221 2137 coelo
233 2087 406 2156 expeterent
415 2087 536 2136 terrena
548 2074 619 2136 sede
629 2089 807 2157 parentem,

66 2164 104 2227 Et
111 2170 367 2252 consanguineum
378 2168 462 2249 quasi
475 2167 564 2252 longa
574 2167 608 2229 in
620 2169 720 2232 secula
732 2171 829 2233 civem
841 2214 850 2248 ,

67 2259 148 2326 Voce
165 2264 355 2344 requirentes
371 2276 401 2324 et
415 2282 520 2340 amore
533 2283 668 2345 perenne
681 2276 831 2327 vocantes.

69 2352 149 2432 Quid
163 2359 276 2421 faceret
287 2357 375 2419 terris
389 2357 490 2418 anima
503 2359 567 2421 haec
578 2371 640 2420 tarn
653 2358 749 2420 libera
759 2357 855 2442 culpis
864 2403 879 2436 ‚‚

70 2446 110 2510 Ut
120 2452 227 2514 subeat
238 2451 322 2515 coelis
335 2452 512 2536 peregrinus
526 2467 554 2514 et
567 2454 678 2535 hospes
690 2453 729 2516 ab
746 2455 847 2518 arvis?

70 2539 262 2609 Daemonicas
275 2548 367 2608 etiam
380 2547 517 2628 species,
538 2547 684 2630 falsasque
698 2549 806 2635 figuras

73 2635 230 2714 Quaslibet
244 2642 274 2702 iu
287 2642 399 2704 formas
412 2663 444 2704 se
458 2655 587 2706 verteret
599 2644 749 2708 inficiator

71 2727 246 2816 Perspicuas
256 2736 359 2798 habuit
367 2737 531 2820 penetralis
540 2740 679 2802 acumine
689 2740 789 2818 visus,

73 2822 257 2910 illartiuique
271 2832 374 2896 oculos
388 2854 487 2913 neque
500 2832 573 2894 falsa
586 2834 692 2898 selellit
702 2837 816 2921 imaque

74 2918 154 2986 Narn
169 2929 305 3007 quamvis
320 2929 403 2992 varia
415 2941 565 3012 tegeretur
578 2930 659 2994 larva
672 2932 780 3016 figura,

77 3012 182 3083 Sancto
196 3024 276 3092 nuda
290 3024 365 3102 luit,
383 3046 454 3088 cum
465 3045 526 3085 non
542 3045 574 3086 se
586 3027 919 3094 absconderetunrbra:

76 3107 113 3174 Et
122 3115 191 3195 quia
202 3119 345 3203 perfectis
357 3119 457 3187 illusio
471 3119 554 3184 nulla
569 3121 707 3203 valebat,

836 3218 865 3292 4.
