2222 3844
172 316 214 392 48
442 326 474 380 v.
495 327 530 380 n.
555 313 807 383 nonnunnrr

174 424 216 484 Se
229 441 327 502 neque
340 438 528 502 purpureum
541 462 549 494 ,
571 440 627 480 nec
641 420 684 482 sic
697 420 868 483 diademate
882 421 992 484 fultum

173 519 284 581 Pandit
298 513 473 598 apostolicis
486 535 560 577 voce
573 514 742 576 insinuante
757 515 924 594 columnis,

174 613 255 678 Cum
268 631 320 671 sua
333 606 460 671 carnalis
473 622 631 689 raperetur
644 610 681 668 ad
695 622 773 670 astra
786 611 898 694 figura,

171 709 272 787 Atque
289 705 349 786 piis
366 701 477 784 plantis
488 713 654 762 straverunt
665 701 790 764 ssamina
801 725 934 785 pennas,

173 801 255 865 Cum
267 795 351 880 ¹pede
367 816 469 877 pressa
480 815 564 856 sacro
580 796 727 857 servirent
739 817 809 857 aera
824 797 895 881 regi.

170 892 324 978 Angelicis
337 902 438 952 vectus
454 889 593 950 manibus
607 889 687 950 celer
705 891 815 952 aethera
833 892 969 968 calcans,

171 989 347 1074 Ingrediens
357 1000 494 1059 teneras,
510 1006 608 1064 neque
622 984 761 1068 frangens
773 987 923 1068 gressibus
936 1007 1049 1063 auras,

172 1083 309 1146 Pendula
321 1083 423 1165 planta
434 1079 558 1153 volans,
579 1099 647 1141 cum
663 1079 767 1140 nubila
789 1080 918 1141 finderet
930 1080 1068 1159 intrans,

172 1179 302 1262 Remige
314 1176 479 1261 pennigero
495 1193 554 1253 qua
568 1192 630 1232 non
645 1172 715 1233 sacit
728 1173 796 1234 aula
807 1173 957 1256 sigillum:

174 1275 257 1338 Cum
272 1271 408 1334 Gatitaeis
423 1283 493 1330 tunc
506 1266 710 1348 spectantibus
724 1266 846 1350 augelus
859 1280 972 1343 astans,

173 1369 226 1432 Sic
237 1370 295 1444 ait,
308 1366 505 1427 altithronum
518 1361 685 1422 rediturum
697 1360 826 1441 qualiter
838 1361 913 1437 iret,

170 1462 265 1524 Unde
279 1460 437 1543 probanda
450 1456 568 1538 probo,
584 1454 718 1535 reprobo
730 1454 927 1536 reprobantia
940 1458 1069 1538 probra

171 1557 248 1619 Non
261 1569 328 1617 sunt
338 1554 422 1636 signa
436 1551 497 1611 mei
508 1549 603 1632 regis,
616 1549 668 1608 sed
680 1560 775 1609 castra
788 1549 918 1633 tyranni.

171 1651 229 1714 Ast
242 1670 296 1734 ego
310 1645 462 1708 transfixas
475 1643 566 1704 clavis
577 1642 635 1701 nisi
646 1642 751 1703 videro
762 1642 894 1724 palmas,

171 1746 272 1827 Atque
285 1744 374 1804 beata
386 1739 483 1803 crucis
496 1751 561 1798 tum
574 1738 711 1820 stigmata
724 1756 815 1800 carne
827 1750 1003 1822 gerentem,

172 1841 219 1902 Ac
232 1840 307 1899 latus
322 1848 350 1898 et
363 1836 454 1895 fossas
468 1834 592 1914 trajecto
606 1830 718 1891 missile
730 1845 842 1909 costas,

171 1934 265 1995 Unde
280 1929 425 1995 cruentati
437 1927 558 2010 pariunt
570 1925 751 2007 baptismata
764 1927 820 1986 rivi
829 1910 847 2002 ,⁴

171 2028 213 2090 Et
226 2047 308 2090 sacra
319 2043 473 2106 purpureo
485 2021 616 2083 maculas
627 2019 703 2080 lavat
717 2020 797 2080 unda
810 2018 943 2097 fluento,

173 2122 253 2202 Quae
265 2121 347 2180 dedit
360 2119 392 2178 in
405 2117 503 2199 pretio
516 2135 660 2198 generosa
675 2114 786 2175 talenta
798 2117 993 2197 redemptor,

171 2217 269 2297 lnque
279 2213 375 2276 crucis
389 2211 499 2271 trutina
512 2209 604 2291 pretii
615 2209 796 2270 numismata
809 2232 957 2292 pensans,

170 2311 303 2372 Tantum
316 2319 420 2369 auctor
434 2305 585 2365 redimens
595 2303 733 2364 thesauro
746 2306 884 2386 corporis
898 2306 1029 2380 orbem,

172 2403 254 2468 Cum
265 2421 385 2488 gemma
397 2419 456 2460 una
470 2399 526 2458 suit
538 2419 604 2478 quae
615 2411 721 2459 cuncta
734 2397 765 2458 in
777 2419 845 2460 vasa
859 2399 980 2461 valeret.

172 2501 242 2562 Hac
256 2499 313 2559 nisi
326 2509 407 2558 veste
421 2495 478 2576 tegi
490 2493 608 2554 videam
621 2513 679 2573 qua
692 2493 815 2575 pertulit
828 2506 948 2572 auctor,

170 2595 290 2657 Indicio
302 2592 367 2654 sine
382 2591 441 2651 hoc
456 2585 609 2650 Christum
626 2589 742 2650 venisse
756 2588 889 2672 negabo:

170 2689 255 2752 Nam
268 2691 354 2750 decet
365 2699 397 2746 ut
408 2684 503 2747 victor
516 2685 622 2746 doceat
633 2704 690 2764 per
700 2683 782 2766 sigua
794 2681 979 2763 triumphum
990 2725 1002 2756 ,

170 2785 321 2868 Plagaqne
333 2784 387 2843 fixa
399 2793 499 2863 potest
511 2779 632 2840 tamem
643 2778 834 2840 accumulare
846 2775 991 2858 trophaei,

169 2879 247 2941 Mox
260 2879 399 2940 inimicus
410 2877 490 2936 iners
502 2874 633 2935 vibratus
643 2872 767 2932 verbere
780 2870 876 2933 verbi.

169 2975 301 3037 Pestifer
310 2974 410 3036 aerius
422 2981 541 3031 tenuata
553 2988 608 3048 per
619 2966 730 3027 aethera
742 2965 861 3047 lapsus,

169 3071 206 3132 ln
219 3068 377 3152 propriam
390 3063 523 3147 speciem
535 3061 655 3122 rediens
667 3060 704 3120 ad
716 3059 805 3122 inane
818 3059 950 3134 solutus,

168 3163 284 3247 Effugit
296 3183 331 3224 ex
343 3158 437 3223 oculis
448 3155 576 3237 liquidas
589 3154 672 3236 quasi
684 3154 783 3217 sumus
796 3155 944 3229 inauras,
