2230 3838
255 333 507 388 nouunrmu
529 291 663 388 mnus
686 338 744 392 111.
889 327 947 390 155

45 426 206 514 Agricolae
219 439 344 509 pascunt
358 426 461 489 oculos
475 429 511 488 de
523 449 620 489 messe
633 429 751 509 sutura‚'

89 525 178 586 Ante
193 523 283 583 metit
293 523 374 596 visu,
389 542 478 602 quam
491 522 567 582 serat
580 542 674 584 annus
686 545 792 606 opem.¹

49 618 148 680 Ridet
157 637 294 680 amoenus
305 635 374 700 ager
384 627 478 677 tectus
492 616 689 678 viridantibus
701 620 819 701 herbis,

99 710 265 774 Oblectant
278 710 395 770 animos
408 709 513 770 mollia
525 723 612 790 prata
625 732 723 794 vagos.

57 805 136 868 Haec
145 807 190 866 vir
203 803 386 886 apostolicus
399 803 536 866 Nicetius
548 824 619 864 arva
631 826 807 890 peragrans,

99 897 247 962 Condidit
261 909 397 978 optatum
410 910 514 978 pastor
528 898 606 960 ovile
619 901 711 982 gregi.

50 992 206 1055 Turribus
218 991 342 1052 incinxit
353 991 485 1052 terdenis
496 992 629 1072 undique
642 993 751 1056 collem
759 996 780 1072 ,’

59 1071 63 1077 ⁴
95 1084 235 1147 Praebuit
248 1085 298 1146 hic
309 1085 454 1147 fabricam
468 1107 528 1165 quo
541 1107 648 1148 nemus
661 1101 728 1149 ante
741 1090 807 1152 tuit.

53 1179 181 1242 Vertite
197 1180 234 1238 de
249 1199 366 1240 summo
380 1178 542 1240 demittunt
553 1179 675 1242 brachia
687 1202 824 1263 murum,

95 1273 183 1334 Dum
199 1271 330 1333 Musella
340 1272 400 1334 suis
412 1272 560 1334 terminus
573 1287 650 1335 extet
663 1276 755 1354 aquis.

51 1367 133 1430 Aula
146 1379 252 1428 tamen
264 1367 352 1428 nituit
365 1380 534 1429 constructa
548 1369 703 1430 cacumine
714 1371 813 1451 rupis,

96 1460 139 1522 Et
152 1473 259 1521 monte
273 1460 416 1542 imposito
431 1482 520 1522 mons
532 1461 589 1522 erit
602 1463 667 1543 ipsa
678 1464 796 1527 domus.

57 1553 255 1636 Complacuit
267 1553 359 1614 iatum
373 1576 461 1631 muro
476 1555 657 1618 concludere
672 1578 832 1640 campum,

99 1647 140 1709 Et
151 1669 251 1730 prope
265 1649 418 1711 castellum
430 1649 493 1711 haec
508 1670 574 1712 casa
587 1650 651 1711 sola
662 1665 773 1713 manet.

54 1741 161 1806 Ardua
173 1743 355 1804 marmoreis
368 1743 559 1825 suspenditur
571 1743 637 1804 aula
650 1745 815 1824 columnis,

99 1836 172 1916 Qua
183 1856 275 1917 super
286 1836 400 1899 aestivas
413 1837 509 1900 cernit
523 1839 554 1898 in
569 1857 658 1898 amne
672 1853 758 1901 rates.
835 1859 841 1865 ·

60 1928 231 1992 Ordinibus
244 1929 336 1992 ternis
350 1945 526 2012 extensaque
537 1932 677 1995 machina
690 1934 799 2010 crevit,

100 2023 145 2085 Ut
156 2037 317 2107 postquam
329 2028 488 2102 ascendas,
502 2029 605 2110 jugera
618 2040 695 2091 tecta
706 2042 802 2110 putes.

56 2117 167 2180 Turris
179 2119 217 2179 ab
231 2119 355 2180 adverso
368 2142 433 2200 quae
447 2121 579 2182 constitit
593 2121 682 2183 obvia
694 2122 790 2199 clivo,

100 2211 283 2276 Sanctorum
294 2212 377 2275 locus
389 2227 451 2290 est,
466 2234 550 2274 arma
562 2216 691 2276 tenenda
704 2217 785 2278 viris.

59 2305 128 2369 lllic
138 2320 182 2369 est
195 2308 286 2369 etiam
299 2308 421 2392 gemino
433 2307 539 2370 balista
553 2310 668 2386 volatu,

105 2399 182 2481 Quae
194 2415 264 2484 post
276 2422 307 2464 se
321 2415 452 2464 mortem
465 2403 590 2482 linquit,
601 2416 631 2465 et
643 2405 708 2486 ipsa
719 2403 802 2487 sugit.

53 2494 190 2558 Ducitur
202 2498 235 2556 iu
249 2498 351 2581 rigidis
364 2499 483 2560 sinuosa
497 2498 649 2561 canalibus
660 2500 759 2574 unda,

96 2589 145 2650 Ex
158 2611 218 2670 qua
229 2589 287 2652 fert
300 2592 414 2673 populo
429 2593 479 2654 hic
492 2592 574 2653 mola
587 2606 672 2674 rapta
686 2593 799 2655 cibum.

52 2683 245 2745 Blandifluas
258 2686 383 2767 stupidis
396 2686 509 2752 induxit
520 2686 648 2751 collibus
660 2706 748 2762 uvas,

100 2777 204 2839 Vinea
217 2779 295 2840 culta
307 2779 400 2856 viret,
414 2800 474 2861 quo
489 2780 545 2848 fuit
558 2793 625 2843 ante
639 2780 744 2846 frutex.

54 2873 151 2936 Insita
162 2892 326 2954 pomorum
340 2873 452 2955 passim
466 2873 613 2955 plantaria
624 2885 763 2954 surgunt,

98 2966 142 3027 Et
151 2979 278 3049 pascunt
291 2968 376 3027 vario
389 2965 473 3030 floris
486 2970 581 3028 odore
595 2967 707 3029 locum.

56 3061 137 3124 Haec
146 3061 204 3122 tibi
215 3060 379 3142 proficiunt
391 3061 533 3143 quicquid
545 3061 702 3122 laudamus
715 3061 747 3120 in
760 3058 839 3138 illis,

101 3155 169 3238 Qui
182 3157 263 3220 bona
276 3169 321 3220 tot
332 3156 454 3234 tribuis,
471 3167 574 3241 pastor
587 3155 709 3238 opime,
725 3154 816 3238 gregi.
