2218 3862
335 284 721 348 truttmstttootuaus.
904 280 967 356 343

123 386 174 450 Aa
189 400 218 450 te
229 386 378 451 venissem
390 388 464 450 lassa
476 403 596 452 natante
608 410 710 451 mano.
762 471 764 474 .

83 479 166 544 Cum
179 496 208 542 te
221 481 421 563 respicerem,
435 485 593 568 peregrina
603 483 718 566 pericla
729 502 901 567 negassem

125 577 282 660 Naufragii
296 577 392 639 dulcis
404 599 474 638 mox
487 579 647 642 relevasses
661 599 745 640 onos.

82 672 148 733 Aut
161 673 237 733 mihi
250 673 275 734 si
290 673 445 751 querulam
460 687 580 756 raperet
590 695 655 736 sors
667 675 774 736 ultima
785 674 898 752 vitam,

128 765 189 827 Vel
200 767 350 830 tumulum
363 769 502 829 manibus
515 768 606 830 secret
618 789 709 830 arena
721 769 798 842 tuis,
853 789 855 795 ·

87 860 169 931 Ante
183 861 251 942 pios
264 861 368 922 oeulos
380 862 469 922 issem
483 863 547 924 sine
560 862 627 927 loce
639 865 780 940 cadaver,
831 873 836 876 “
880 881 890 890 ··

133 953 177 1014 Ut
189 955 238 1017 vel
248 957 284 1016 ad
297 956 433 1034 exequias
446 977 674 1019 commoverere
687 979 779 1020 meas

2 1105 3 1108 ,
92 1047 158 1127 Qui
169 1050 286 1132 spernis
298 1050 365 1110 vitae
379 1048 465 1111 lletus
478 1050 657 1134 lacrymatus
667 1052 827 1129 humares,

132 1143 231 1223 Atque
246 1145 331 1210 dares
343 1143 497 1224 planctus,
511 1145 562 1223 qui
575 1146 668 1205 modo
682 1146 772 1207 verba
782 1164 881 1228 negas.

92 1236 178 1317 Quid
191 1238 271 1321 logio
284 1257 454 1298 memorare
465 1257 587 1319 parens,
600 1239 673 1318 quid
684 1239 793 1301 differo
803 1240 918 1315 luctus,
938 1284 942 1290 .
1042 1257 1046 1262 ·

131 1331 183 1393 De
195 1354 269 1394 nece
281 1333 415 1414 germani
429 1353 485 1394 cur
494 1331 582 1393 dolor
593 1333 652 1394 alta
664 1335 768 1396 taces?

93 1424 235 1504 Qualiter
247 1425 362 1486 insidiis
376 1427 478 1487 insons
491 1427 645 1488 cecidisset
658 1426 786 1508 iniquis,

137 1519 350 1601 Oppositaque
362 1517 421 1580 lide
434 1533 534 1600 raptus
546 1522 583 1581 ab
596 1521 670 1582 orbe
684 1521 748 1583 soit.
810 1545 811 1550 ¹

95 1613 137 1675 Et
147 1613 223 1673 mihi
236 1633 327 1694 quare
340 1609 421 1676 novo
432 1611 517 1674 lletus
529 1615 688 1676 referendo
700 1615 850 1697 sepultos,

137 1708 238 1788 Atque
250 1709 359 1769 iterum
372 1709 469 1790 patiar
479 1710 551 1769 dum
563 1709 758 1793 lacrymando
773 1711 892 1790 loquor.

97 1801 154 1864 llle
166 1815 233 1863 tuos
244 1804 367 1886 cupiens
380 1815 524 1887 properat
536 1806 608 1867 dum
621 1826 744 1867 cernere
757 1806 869 1884 voltus,

139 1895 170 1957 N
174 1917 209 1959 ec
220 1917 291 1957 suos
301 1897 459 1979 impletur,
470 1900 542 1959 dum
556 1919 641 1960 meus
654 1900 751 1962 obstat
763 1920 860 1961 arnor.

97 1987 184 2051 Dum
195 1991 265 2050 dare
278 1991 352 2050 dora
364 1991 440 2050 mihi
451 1990 576 2074 refugit,
591 1993 650 2054 sibi
663 1992 786 2054 vulnera
798 1995 879 2072 lixit,

139 2081 265 2145 Laedere
278 2084 330 2166 qui
344 2083 459 2159 timuit,
475 2101 562 2146 causa
574 2085 689 2146 doloris
700 2088 790 2147 adest.

98 2175 269 2241 Perculitor
278 2177 393 2258 juvenis
405 2189 508 2238 tenera
520 2176 668 2261 lanuginae
681 2178 799 2256 barbae,

140 2271 259 2333 Absens
270 2292 329 2334 nec
340 2271 400 2332 vidi
412 2270 517 2331 lunera
530 2271 596 2331 dira
607 2291 704 2333 soror.

99 2365 177 2430 Nou
189 2366 287 2427 solum
301 2365 405 2442 amisi,
419 2367 471 2426 sed
482 2386 538 2428 nec
550 2366 602 2447 pia
614 2365 731 2428 lumina
741 2367 848 2445 clausi,

142 2459 214 2523 Nee
225 2482 315 2542 super
327 2461 504 2522 incumbens
515 2460 621 2522 ultima
629 2461 723 2525 verba
735 2462 814 2524 dedi.

102 2555 227 2637 Frigida
237 2576 299 2616 nou
311 2554 408 2617 calido
420 2554 550 2636 tepefeci
563 2555 675 2618 viscera
687 2555 778 2635 lleto,

148 2647 263 2710 Oscula
273 2669 407 2710 neccaro
421 2651 458 2710 de
471 2649 621 2711 moriente
635 2650 700 2713 tuli.
780 2649 784 2658 '

105 2741 256 2824 Amplexu
266 2743 298 2802 iu
313 2745 424 2805 misero
438 2764 539 2824 neque
551 2744 630 2806 collo
641 2743 752 2808 flebilis
763 2745 835 2811 hacsi

146 2835 209 2896 Aut
220 2837 281 2899 lovi
294 2836 421 2899 infausto
433 2859 544 2921 corpus
555 2838 661 2900 anhela
670 2840 746 2900 sinu.

105 2929 178 2990 Vita
192 2931 370 3012 negabatur,
384 2933 522 3014 quiajam
536 2934 573 2994 de
586 2932 677 2994 fratre
691 2933 790 2995 sorori

145 3023 262 3086 Debuit
275 3026 429 3110 egrediens
440 3027 549 3088 balitus
562 3047 614 3088 ore
629 3026 705 3108 rapi.

1 3108 14 3121 ”
109 3115 193 3198 Quid
206 3119 281 3201 leci,
296 3133 402 3183 utnon
415 3141 519 3186 comes
532 3121 609 3182 irem
620 3119 697 3186 lecta
710 3121 873 3205 pheretro,
