2222 3852
150 353 212 416 κθ
413 367 446 417 v.
463 367 499 419 n.
523 365 781 420 nonnosum

151 457 318 538 Quamnt,
332 475 390 519 nec
401 467 541 538 poterant
553 454 685 535 aliquam
698 456 835 537 reperire
847 457 1005 537 carinam,

190 551 301 614 Donec
312 563 418 614 cuncta
431 552 539 615 cohors
551 550 631 633 regia
641 548 725 610 fluxit
737 550 831 630 aquis.

150 644 290 722 Restitit,
303 645 354 708 bic
366 644 446 706 solus
459 657 602 726 praestans
614 642 719 704 solatia
732 641 841 727 Gugo,

192 738 287 816 Quod
299 739 404 800 tribuit
417 738 549 813 cunctis,
562 757 625 798 non
638 749 725 820 negat
734 736 787 799 ille
799 737 870 800 suis.

150 831 279 895 Dulcius
291 832 454 913 alloquitur
466 832 610 895 comitem
625 831 677 911 qui
689 829 843 913 Pappulus
855 842 951 908 extat,

192 922 240 986 Ut
249 946 458 1007 quamcunque
470 925 547 986 mibi
559 927 697 987 redderet
710 925 775 1006 ipse
790 936 896 986 ratem.

154 1015 272 1081 Omnia
284 1019 468 1102 perlustrans
481 1019 555 1080 vidit
567 1018 621 1079 sub
635 1017 736 1078 littore
748 1015 889 1092 lintrem,

194 1111 264 1175 Nec
276 1126 378 1174 tamen
387 1111 438 1174 bic
449 1123 568 1193 poterat
580 1111 696 1173 sarcina
708 1123 810 1173 nostra
822 1111 902 1194 capi.

153 1203 342 1268 Nauriacum
354 1205 469 1266 interea
481 1204 553 1267 fecit
563 1224 613 1265 me
628 1216 706 1265 stare
718 1223 901 1287 parumper,

197 1297 330 1360 Ordiuat
343 1312 372 1361 et
383 1311 519 1380 sumptus
532 1319 607 1378 qnos
619 1297 703 1360 locus
715 1297 782 1380 ipse
795 1297 888 1360 dedit.

155 1389 306 1472 Quamvis
316 1412 409 1474 parva
420 1391 515 1467 ierat,
528 1391 598 1453 satis
612 1403 655 1454 est
667 1390 744 1451 mibi
754 1391 819 1454 sola
831 1390 991 1469 voluntas,

195 1483 251 1546 Fst
264 1507 321 1548 nec
331 1506 422 1567 parra
436 1485 557 1565 quidem
571 1503 662 1566 quam
673 1486 724 1545 dat
732 1497 850 1546 amator
862 1503 972 1567 opem.

151 1577 279 1638 Addidit
287 1591 374 1660 atque
387 1599 490 1640 comes
501 1577 576 1638 mibi
590 1577 699 1660 pocula
711 1591 809 1661 gratus
820 1578 960 1656 amicos,

195 1669 232 1730 ln
247 1684 391 1751 quantum
402 1685 521 1753 poterat
532 1692 602 1734 rnre
613 1690 721 1753 parare
733 1692 864 1735 memm.

155 1761 209 1826 Sic
219 1765 294 1824 mibi
306 1766 469 1847 jocundam
480 1765 586 1828 direxti
600 1763 737 1847 Pappule
750 1785 895 1847 proram,

195 1855 284 1918 Felix
294 1858 381 1934 vive,
395 1858 480 1934 vale,
494 1858 589 1921 dulcis
601 1857 699 1919 amice
710 1876 823 1920 comes.

233 2009 267 2059 X.
285 2008 341 2060 An
364 2008 602 2062 DYNAMIUM
621 2007 966 2064 MASSILIENSEM.

155 2117 315 2202 Emere
327 2151 375 2216 te,
390 2152 492 2202 noster
503 2159 607 2217 amor,
622 2142 792 2204 venerande
805 2141 967 2228 Dynami,

199 2232 349 2312 Quamvis
361 2233 517 2295 absentem
529 2255 620 2315 quem
632 2255 701 2297 mea
713 2255 784 2298 cura
795 2235 885 2298 videt.

158 2322 238 2405 Quae
250 2326 318 2390 loca
329 2339 360 2387 te
371 2338 493 2388 teneant
505 2329 655 2390 venientia
665 2325 759 2391 flabra
772 2331 913 2410 requiro,

199 2417 340 2503 Sidogias
353 2419 475 2496 oculos,
487 2441 551 2482 non
564 2420 640 2505 sugis
651 2422 723 2484 binc
735 2423 862 2486 animos.

155 2509 300 2573 Massiliae
312 2513 368 2574 tibi
381 2533 471 2596 regna
482 2514 621 2597 placent,
637 2513 805 2577 Germania
818 2515 926 2596 nobis,

196 2603 309 2666 Vultus
322 2607 359 2667 ab
371 2620 511 2688 aspectu,
525 2599 650 2690 pectore
660 2610 777 2691 junctus
788 2611 867 2673 ades.

157 2696 231 2778 Quo
245 2698 310 2758 sine
323 2711 353 2760 te
366 2712 417 2760 tua
429 2721 500 2782 pars
512 2702 570 2764 buc
583 2723 676 2782 usqne
688 2703 783 2765 oblita
794 2705 960 2785 remansit,

197 2789 268 2853 Nec
282 2812 403 2855 revocas
415 2795 517 2856 auimo
530 2796 668 2858 membra
682 2797 784 2860 relicta
795 2810 858 2861 tuo.

159 2882 301 2967 Si‘sopor
314 2888 480 2968 oppressit,
494 2889 549 2950 tibi
563 2890 672 2952 merel
685 2892 804 2952 somnia
816 2905 960 2971 narrent,

200 2978 284 3041 Nam
297 2979 374 3042 solet
385 2981 543 3044 unanimes
552 2982 617 3066 ipsa
630 2983 732 3047 videre
745 2985 839 3064 quies.

162 3070 197 3134 Si
209 3073 327 3157 vigilas,
342 3075 455 3150 fateor,
469 3076 588 3137 veniam
601 3077 657 3138 tibi
670 3077 759 3158 culpa
770 3078 906 3162 negabit,

201 3164 260 3230 Nil
272 3169 350 3230 unde
364 3187 482 3233 excuses
494 3169 660 3236 desidiosus
671 3170 774 3234 habes.
