2230 3838
160 379 223 466 175
429 401 462 453 r.
489 399 523 452 rr.
549 401 792 456 nonrunlrr

160 485 225 565 Qui
239 486 295 548 tria
308 486 399 548 lustra
410 511 515 572 gerens
528 492 559 552 in
571 492 759 574 pontificatus
772 493 910 572 honore,'

200 579 302 665 Pergit
315 583 352 642 ad
362 584 500 664 antiquos
509 586 601 666 plebe
613 603 752 670 gemente
765 603 878 671 patres..

156 675 251 738 Nunc
263 677 349 738 decet
360 677 440 740 hunc
455 679 544 762 igitur
555 682 655 742 vacuis
668 681 780 744 dellere
793 685 942 764 querelis,

200 769 274 832 Post
286 771 425 833 tenebras
437 773 543 834 mundi
556 795 648 854 quem
658 788 741 838 tenet
750 777 816 838 aula
829 778 903 860 poli.

158 934 231 990 Vll.
250 935 520 990 EPITAPHIUM
540 939 824 994 GALACTERICI
841 943 1053 999 EPISCOPl

331 1043 333 1045 ·
390 1031 609 1072 consororum
626 1030 817 1072 civeram.

160 1129 400 1214 lmscntrumt‘r
414 1151 512 1226 oculi,
528 1151 700 1230 quatiuntur
712 1152 826 1214 viscera
839 1149 928 1228 lletu,

198 1246 268 1310 Nec
280 1246 402 1308 tremuli
417 1247 500 1330 digiti
515 1245 648 1308 scribere
660 1246 734 1305 dura
752 1246 859 1307 valent.

157 1340 338 1402 Dummodo
352 1340 402 1421 qui
415 1340 498 1400 volui
512 1339 597 1413 vivo,
612 1339 691 1399 dabo
705 1340 797 1401 verba
810 1340 947 1423 sepulto,

200 1433 347 1496 Carmine
358 1435 406 1514 uel
420 1433 499 1495 dulci
514 1453 608 1517 cogor
617 1452 720 1493 amara
733 1433 830 1513 loqui.

158 1526 259 1612 Digne
272 1530 331 1590 tuis
343 1529 459 1590 meritis
475 1526 662 1590 Calacterice
673 1530 833 1602 sacerdos,

199 1621 299 1684 Tarde
311 1636 383 1683 note
397 1623 489 1697 mihi,
504 1643 594 1702 quam
608 1622 672 1683 cito.
682 1642 749 1685 care
763 1623 851 1706 sugisl

157 1715 206 1778 Tu
220 1717 348 1798 patriam
362 1716 489 1796 repetis,
505 1728 538 1775 tu
551 1736 665 1795 nosque
679 1716 820 1776 suburbe
835 1716 997 1798 relinquis,

197 1809 243 1871 Tc
257 1822 338 1870 tenet
350 1808 418 1869 aula
431 1809 544 1885 nitens,
560 1829 617 1870 nos
630 1810 790 1872 tenebrosa
804 1810 876 1871 dies.

157 1903 238 1967 Ecce
252 1904 307 1965 sub
318 1903 377 1964 lroc
387 1902 503 1964 tumulo
518 1903 636 1984 pietatis
649 1904 789 1965 membra
803 1904 978 1985 quiescunt,

199 1996 330 2060 Dulcior
344 2010 374 2058 et
386 1997 471 2057 melli
487 1997 591 2080 lingua
602 1997 718 2078 sepulta
729 2000 816 2079 jacet.

157 2090 274 2153 Forma
284 2104 425 2166 venusta,¹
438 2092 565 2168 decens,
580 2091 698 2152 animus
711 2092 777 2152 sine
790 2092 848 2152 line
862 2092 1026 2175 benignus,

197 2186 269 2248 Vox
281 2188 377 2249 suavis
388 2186 484 2270 legem
497 2186 705 2269 praemeditata
718 2185 789 2248 Dei.

159 2279 236 2364 Spes
251 2281 341 2358 cleri,
359 2294 440 2342 tutor
453 2281 629 2355 viduarum,
644 2280 731 2363 panis
744 2293 881 2362 egentum
890 2324 903 2354 ‚a

202 2374 284 2438 Cura
297 2377 562 2458 propinquorum,
573 2387 733 2457 promptus
747 2376 784 2435 ad
797 2395 888 2436 omne
901 2375 1030 2436 bonum.

160 2467 284 2553 Organa
297 2471 434 2552 psalterii
443 2470 551 2532 cecinit
564 2468 771 2530 modulamine
785 2469 883 2546 dulci,

200 2564 241 2624 Et
253 2565 348 2648 tetigit
361 2565 440 2625 tardi
453 2563 568 2645 plectra
580 2563 670 2624 beata
680 2562 752 2623 Dei.

160 2656 289 2720 Cautere
303 2658 415 2738 eloquii
429 2659 507 2719 bene
521 2677 651 2740 purgans
664 2656 790 2718 vulnera
800 2655 923 2733 morbi?

200 2751 274 2830 Quo
286 2764 425 2831 pascente
439 2751 495 2811 luit
506 2751 565 2812 fida
576 2750 694 2811 medela
705 2751 796 2834 gregi.

160 2844 218 2907 Sex
231 2845 282 2925 qui
295 2845 386 2905 lustra
397 2865 503 2928 gerens
516 2857 585 2908 octo
598 2846 697 2906 bonus
711 2846 834 2925 insuper
848 2862 965 2921 annos,

200 2937 331 3019 Ereptus
343 2952 429 3000 terrae
442 2940 535 3020 justus
546 2940 583 2998 ad
596 2950 676 3000 astra
686 2939 776 3000 redis.

158 3034 208 3094 Ad
221 3033 418 3114 paradisiacas
430 3032 535 3115 epulas
543 3045 572 3096 te
587 3033 650 3094 cive
664 3033 807 3107 reducto,

200 3126 294 3189 Unde
306 3128 399 3210 gemit
412 3128 558 3202 mundus,
570 3127 676 3209 gaudet
687 3125 806 3186 honore
818 3123 917 3206 polus.

157 3219 198 3282 Et
211 3221 281 3302 quia
291 3242 358 3285 non
367 3221 471 3294 dubito
484 3235 592 3302 quanta
606 3219 717 3284 esttibi
730 3219 827 3304 gloria
839 3219 984 3298 laudum,
