2230 3838
165 301 207 366 90
421 293 455 346 v.
478 294 512 346 u.
540 295 792 350 ronrunnrr

166 389 190 450 J
193 387 275 473 urgia
286 385 381 449 multa
391 407 517 450 movens
530 389 648 450 turbata
662 402 764 461 mente
778 389 914 469 satelles,

167 481 208 547 Se
221 483 322 546 meriti
334 481 469 544 melioris
481 503 573 544 ovans
584 505 675 564 quam
689 498 807 546 sanctus
818 485 952 550 haberet.

165 577 218 642 Sic
229 591 311 663 gestu
323 578 444 648 rabidus
455 599 552 659 neque
566 599 597 640 se
611 580 790 662 agnoscebat
803 601 942 661 amarus,

166 673 248 736 Vitae
259 689 339 758 gesta
352 695 410 736 suae
423 674 599 735 temerarius
613 675 725 736 arbiter
736 673 863 752 inilans,

117 769 118 772 ’
165 767 410 831 intolerabilium
423 789 479 850 per
492 769 594 830 inania
603 770 748 831 bombica
759 771 889 853 jactans,

166 861 270 925 Vento
284 874 384 924 motus
398 863 478 924 iners
490 863 635 925 simulans
648 862 783 926 foliatilis
796 866 932 945 umbrae,

165 955 298 1020 Excussa
311 957 426 1020 cervice
441 957 558 1041 rigens,
574 958 694 1020 levitate
708 959 850 1037 rebellis,

165 1051 325 1136 Exagitans
336 1051 472 1112 animum
485 1053 564 1134 pede
575 1055 654 1135 jacto
666 1097 676 1129 ,
689 1067 814 1135 pectore
826 1069 932 1133 tenso,

165 1146 372 1221 lrrationalis,
387 1147 506 1208 tumido
518 1146 661 1230 gliscente
675 1147 844 1226 cothurno,

167 1241 239 1305 Nec
251 1263 282 1303 se
295 1253 396 1303 mente
410 1260 521 1323 capax,
534 1263 622 1303 seusu
635 1242 782 1324 spatiante
796 1244 958 1322 vacillans,

167 1335 265 1418 Inque
278 1337 465 1399 sacerdotem
476 1335 660 1399 truculenter
673 1337 782 1399 acerba
795 1339 978 1404 redundans.

169 1430 233 1494 Sed
245 1431 317 1513 quid
330 1431 362 1492 iu
375 1431 526 1514 abjectum
539 1429 708 1492 Martinum
717 1432 781 1494 haec
792 1433 913 1494 turbida
923 1432 1042 1494 volvit?

170 1523 256 1606 Quid
268 1525 396 1601 humili,
411 1525 552 1608 placido,
566 1539 628 1587 tam
643 1527 728 1602 dira,
741 1527 873 1609 superba
886 1528 1043 1590 minatur?

170 1618 237 1682 Cur
249 1620 358 1681 animae
370 1621 500 1682 nimium
514 1620 594 1684 dulei
609 1634 653 1683 tot
666 1641 769 1682 amara
782 1621 959 1684 ntiuistrat?

167 1713 244 1776 Non
256 1715 341 1776 decet
353 1713 417 1776 haec
431 1715 533 1780 audire
543 1716 629 1797 pium
645 1738 743 1797 neque
755 1716 836 1777 lerre
848 1717 1036 1801 benignum,

168 1806 273 1870 Durus
286 1820 349 1869 erat
362 1809 490 1891 graviter
502 1810 552 1889 qui
566 1810 650 1871 melli
665 1810 823 1895 absynthia
838 1813 968 1888 miscet,

168 1901 228 1965 Ille
241 1915 341 1964 tamen
353 1904 464 1985 pietate
479 1902 578 1966 calens
590 1905 666 1965 nihil
681 1906 783 1966 intulit
796 1907 884 1968 hosti„

169 1995 292 2080 Excipit
305 1997 412 2060 iratum
424 1997 556 2082 placatus
569 2013 706 2062 amanter
718 2022 877 2078 amarum,

173 2089 341 2155 Oblectans
354 2093 510 2169 rabidum,
526 2107 556 2155 et
568 2116 626 2177 per
638 2094 745 2157 mollia
757 2097 871 2157 famina
884 2097 1041 2172 mulcens,

171 2184 215 2248 Et
227 2188 322 2250 nescit
335 2209 397 2248 non
411 2209 474 2250 esse
485 2202 573 2270 pater
586 2189 651 2250 sine
664 2189 736 2251 selle
748 2190 796 2251 vel
810 2190 905 2268 hosti,

175 2281 241 2362 Qui
251 2295 351 2345 tamen
364 2297 506 2345 exorante
517 2284 584 2344 viro
599 2282 747 2365 larvisque
759 2285 865 2367 sugatis

172 2376 260 2438 Dum
273 2380 351 2440 redit
365 2380 402 2440 ad
416 2393 552 2440 mentem
566 2378 696 2440 furiosus
706 2377 825 2441 Brictio
837 2380 981 2462 pridem,

172 2470 316 2536 Pontifici
330 2474 461 2538 occurrit
473 2487 544 2536 voto
558 2496 670 2555 prece,
685 2495 816 2557 corpore
828 2476 972 2559 supplex,

175 2564 238 2628 Sed
248 2567 382 2629 bonitate
395 2568 440 2650 pii
454 2567 534 2630 celer
547 2568 732 2652 indulgentia
748 2567 848 2646 fluxit,

173 2657 251 2722 Non
262 2662 342 2742 apud
353 2662 434 2724 hunc
445 2683 522 2744 opus
535 2684 597 2725 esse
611 2665 664 2725 diu
676 2665 872 2750 lacrymando
886 2666 1004 2751 rogari,

173 2753 237 2816 Aut
247 2776 337 2836 prece
351 2756 514 2839 multiplici
526 2759 647 2822 veniam
659 2781 783 2842 sperare
793 2762 934 2839 nocenti,

176 2845 243 2929 Qui
256 2850 350 2934 magis
361 2852 483 2933 expetiit
496 2852 725 2935 culpas‘tlonare
740 2868 846 2917 reatus.

177 2940 335 3022 Credidit,
348 2959 377 3008 et
390 2949 534 3009 damnum
548 2950 693 3030 quicquid
705 2970 767 3011 non
783 2951 918 3032 praestitit
930 2950 1027 3025 ultro,

179 3035 256 3104 llaec
266 3063 317 3104 sua
330 3043 413 3106 lucra
425 3057 533 3128 putans
546 3045 697 3107 dimittere
712 3045 813 3107 dehita
825 3067 928 3124 noxae,

180 3129 299 3208 Obvius
312 3158 473 3206 occurrens
486 3141 631 3223 quaerenti
642 3161 769 3205 munera
780 3143 884 3224 pacis,
