2222 3852
152 289 215 363 246
418 304 453 354 V.
470 303 504 354 Η.
520 300 768 354 FORTUNATI

152 392 228 454 Heu
239 393 350 477 magis,
361 408 394 456 ut
407 398 510 474 rideo,
523 398 636 458 retain
647 397 798 459 contraria
809 411 952 476 currunt,

193 483 349 569 Tempore
362 491 516 574 longam,
529 492 582 551 sed
593 492 724 550 variatur
734 510 831 550 amor.

150 579 203 642 ΑΙ
213 595 357 660 quantum
369 605 404 643 ex
416 584 523 659 oculo,
536 595 652 644 tantun
662 585 719 644 tibi
730 584 820 645 corde
833 585 966 659 recedo,

192 671 233 732 Et
246 687 308 735 tam
320 676 408 759 louge
424 677 543 752 animo,
557 697 648 756 quam
660 698 761 737 snmns
773 677 864 738 auabo
877 676 974 738 loco?

150 763 227 828 Non
239 788 295 850 ego
305 770 350 831 sic
360 770 477 844 refero,
490 771 633 850 quoniam
645 770 702 830 tibi
713 782 835 850 pectore
848 783 981 845 nector,

194 857 341 923 Praedieat
352 863 410 924 boc
423 863 510 923 aliter
522 885 609 924 mens
620 864 672 923 ubi
684 863 770 924 dulce
783 863 874 924 foret

150 950 234 1013 Nam
246 954 294 1015 cni
307 975 375 1016 cara
386 957 459 1016 fides
470 957 604 1016 animum
617 956 740 1017 sociarit
751 957 864 1030 amice,

194 1044 288 1125 Quod
298 1051 397 1108 minus
407 1063 450 1109 est
463 1049 574 1124 oculis,
587 1048 691 1131 flagrat
703 1069 807 1109 amore
820 1048 926 1130 magis.

150 1136 194 1198 Et
205 1139 275 1202 licet
288 1143 441 1202 absentem
454 1143 569 1224 paries,
583 1142 684 1215 iocus,
698 1141 766 1201 aula
777 1153 924 1215 retentet,

193 1229 296 1295 Corde
309 1255 363 1294 sno
375 1235 438 1296 illic
451 1247 513 1309 est,
527 1247 570 1294 est
579 1235 633 1294 ubi
643 1233 742 1314 forma
754 1232 887 1313 placens.

150 1323 303 1406 Prospieit
315 1327 425 1388 affectu
436 1348 528 1407 quem
540 1325 624 1387 vultu
635 1347 698 1386 non
710 1326 791 1387 ridet
804 1326 890 1407 ipso,

192 1416 234 1478 Et
242 1440 299 1480 vox
310 1419 473 1502 longinqua
485 1421 521 1480 de
533 1420 654 1501 regione
667 1431 761 1479 sonat

152 1509 238 1589 Quid
248 1513 341 1596 gerit,
355 1527 405 1572 aut
417 1513 533 1588 ubisit,
546 1515 638 1574 tacito
649 1514 721 1573 dare
734 1512 826 1573 rerba
837 1511 981 1589 videtur,

191 1605 275 1665 Intra
286 1626 318 1666 se
331 1605 463 1684 loquitur
472 1617 595 1686 pectore
609 1604 723 1666 clausus
734 1625 830 1666 amor.

151 1696 187 1758 si
199 1699 279 1760 volat
291 1718 361 1758 aura
374 1699 466 1774 levis,
479 1710 563 1778 putat
576 1698 646 1762 iude
655 1697 759 1757 venire
771 1697 879 1756 salutes
887 1739 901 1770 ,,

191 1788 281 1849 Aurae
292 1790 349 1850 sert
362 1791 460 1872 fragor
470 1790 528 1850 hoc
541 1791 622 1868 qnod
633 1789 728 1850 horno
737 1801 838 1849 mente
851 1789 947 1870 gerite

149 1881 235 1944 Hinc
247 1895 313 1943 tuus
325 1904 395 1965 ergo
407 1883 500 1945 cliens
512 1903 567 1965 ego
580 1903 664 1957 care,
681 1881 825 1956 colende,
839 1883 991 1961 requiro,

189 1973 355 2036 Absentem
367 1976 479 2037 faciunt
491 1996 581 2055 quem
595 1974 677 2050 loca,
692 1995 754 2035 non
768 1975 897 2034 animus.

149 2063 214 2147 Qui
227 2088 348 2148 semper.
360 2081 463 2129 nomn
474 2069 686 2132 memorandus
698 2067 817 2129 haberis
829 2067 861 2126 iu
875 2086 948 2142 ore,

191 2157 358 2221 Scribimus
370 2173 399 2221 et
410 2161 473 2222 baec
485 2163 574 2235 dum,
589 2180 651 2220 nou
664 2159 728 2220 sine
741 2173 770 2220 te
784 2159 951 2240 loquimur.

147 2252 285 2329 Affectu,
299 2254 413 2328 studio,
427 2266 498 2314 voto
512 2267 562 2314 tua
573 2253 696 2316 brachia
706 2253 793 2336 cingo
800 2297 815 2327 ,.

188 2347 287 2425 Atque
300 2366 356 2427 per
367 2346 541 2427 amplexum
550 2358 691 2428 pectora,
703 2345 783 2407 colla
794 2346 864 2428 ligo.

144 2439 313 2522 lngrederis
323 2460 446 2503 mecum
454 2440 625 2520 pariterque
638 2439 770 2501 moveris
783 2451 924 2516 amator,

185 2529 227 2591 Et
237 2531 320 2612 quasi
329 2531 444 2596 blanda
450 2531 575 2611 loquens
588 2531 688 2593 oscula
701 2531 765 2595 libo
780 2531 882 2592 labris.

143 2622 224 2684 Ante
237 2623 446 2686 oculoshabeo
454 2667 469 2696 ,
476 2625 529 2684 sed
541 2643 609 2685 cara
620 2623 728 2704 refugit
740 2624 857 2705 imago,

186 2713 271 2776 Hinc
283 2735 402 2794 quoque
413 2717 604 2796 quemrideo
617 2735 686 2776 non.
693 2717 823 2776 retinere
837 2736 929 2795 queo.

143 2806 277 2870 Alternis
290 2807 403 2868 vicibus
415 2810 507 2869 modo
520 2809 602 2869 radis
615 2820 645 2869 et
657 2808 727 2870 inde
741 2808 889 2884 recurris,

185 2898 246 2958 Vix
257 2899 331 2983 sugis
343 2921 377 2960 ex
391 2900 499 2976 oculis,
514 2901 690 2983 ecce-figura
703 2901 791 2960 redis.

144 2993 185 3054 Et
197 3014 265 3056 curn
275 3006 358 3077 terga
369 2995 472 3070 dabis,
485 2993 575 3055 iacies
588 2994 662 3054 mihi
676 2995 813 3056 cernitur
822 2993 950 3072 insons,

165 3159 169 3168 ‚
185 3085 221 3148 Si
233 3087 311 3172 pede
324 3106 503 3166 conversus,
520 3085 619 3152 fronte
632 3106 779 3174 regressus
791 3087 875 3150 ades,
