2222 3852
279 355 520 414 POEMATUM
541 358 671 412 LlltEtt
693 361 727 412 V·
900 371 961 439 207

71 449 256 535 Tempestas
271 452 355 514 nullo
368 459 563 532 penetratura
576 452 669 511 corda
680 454 826 530 tumultu,

116 547 168 608 Ne
178 568 272 609 sensu
286 547 395 608 titubes
404 537 422 622 ,¹
435 543 565 606 anchora
577 545 687 606 mentis
699 548 790 610 adest.

74 640 258 705 Constantes
269 641 387 703 animos
399 658 462 699 non
475 637 599 700 ventilat
612 638 680 699 aula
689 637 862 717 srtsuirans,

113 735 184 800 Nec
195 736 305 798 leviter
316 732 396 797 facili
409 731 579 794 mobilitate
591 733 689 794 trabit.

77 827 158 893 Hine
168 831 251 891 bene
266 827 411 909 disposito
424 826 583 890 comitatur
593 825 691 910 gloria
701 848 809 907 cursu,

114 922 211 1002 Quod
223 943 256 984 se
272 933 385 982 mature
399 940 485 980 mens
496 921 652 980 moderata
665 923 750 1005 regit.

73 1017 248 1082 Consilium
261 1016 385 1100 vigilans
398 1014 457 1075 alta
467 1013 567 1077 radice
580 1027 741 1092 retractas,

114 1110 152 1174 Et
162 1132 215 1174 res
228 1110 327 1174 clausa
338 1107 422 1183 aliis,
437 1119 481 1168 est
494 1103 653 1168 manilosta
665 1110 731 1172 tibi.

72 1204 199 1270 Publica
213 1208 279 1289 jura
291 1222 417 1265 movens
426 1221 571 1283 proceresv
581 1214 681 1265 tecum
693 1205 770 1290 regis
780 1224 907 1282 omnes,

111 1299 192 1383 Spes
205 1312 250 1362 est
260 1297 378 1361 consilii
390 1307 420 1359 te
431 1295 587 1357 monitore
596 1297 690 1376 sequi.

70 1393 157 1457 Hinc
169 1392 289 1474 quoties
301 1390 371 1452 lelix‘
383 1389 491 1474 legatio
504 1389 635 1470 deniqne
649 1392 763 1475 pergit,

110 1486 284 1571 ingreditur
296 1496 382 1548 caute
391 1503 483 1564 quam
492 1495 543 1545 tua
558 1483 658 1567 lingua
670 1485 755 1568 regit.

77 1577 167 1661 Quod
178 1595 243 1642 tam
257 1579 388 1642 mirilico
399 1574 488 1639 floret
499 1577 645 1660 patientia
655 1579 756 1656 cultu,

113 1672 226 1758 Magna
239 1673 324 1754 quies
333 1673 401 1735 vitae
413 1685 480 1733 sunt
493 1668 549 1732 tibi
561 1667 681 1734 diritiae.

67 1768 202 1831 Justitiae
214 1779 331 1842 rector,
343 1765 504 1827 venerandi
517 1764 591 1847 juris
601 1778 738 1842 amator,

108 1861 133 1922 J
135 1861 270 1924 odicium
283 1858 404 1940 sapiens
413 1858 452 1919 de
466 1855 631 1920 Salomone
642 1859 744 1922 trahis.

68 1954 118 2018 Tu
132 1953 246 2015 melior
257 1953 327 2014 fidei
341 1951 467 2012 merito:
485 1971 558 2012 nam
568 1952 716 2034 principis
726 1955 821 2038 ampli

108 2045 234 2130 Trajani
248 2045 401 2130 ingenium
413 2046 453 2107 de
464 2045 575 2127 pietate
588 2047 691 2108 refers

67 2137 155 2222 Quid
165 2152 302 2222 repetam
312 2151 462 2200 maturum
471 2139 622 2216 animum,
635 2140 687 2220 qui
701 2153 951 2225 temporenostro

105 2233 238 2314 Antiqui
250 2232 340 2294 Fabii
353 2233 392 2294 de
404 2235 545 2316 gravitate
558 2233 667 2314 places.

67 2327 102 2390 Si
116 2327 242 2390 veniant
253 2326 359 2407 aliquae
369 2326 482 2389 variato
493 2348 651 2389 murmure
662 2349 772 2407 causae,

109 2418 252 2484 Pondera
264 2440 335 2480 mox
347 2419 446 2506 legum
458 2420 536 2504 regis
548 2421 586 2484 ab
599 2442 652 2484 ore
664 2421 769 2485 lluunt.

67 2514 221 2597 Quamvis
233 2512 368 2577 confusas
380 2515 512 2576 reserant
524 2516 687 2578 certamina
700 2537 803 2595 voces,

108 2607 245 2670 Nodosae
256 2606 317 2668 litis
329 2606 447 2671 solvere
458 2609 508 2671 fila
521 2623 616 2692 potes.

66 2699 201 2766 Obtinet
211 2701 372 2765 adveniens
385 2698 533 2782 fructum,
546 2704 595 2768 eoi
607 2706 682 2787 justa
694 2717 852 2788 petuntur,

107 2794 214 2877 Quem
225 2815 277 2857 sua
289 2815 377 2859 causa
388 2796 487 2876 soret,
502 2799 628 2881 praemia
638 2798 734 2861 victor
746 2799 845 2863 babet.

64 2889 163 2974 Cujus
176 2889 256 2953 clara
267 2891 340 2952 tides
352 2890 448 2954 valida
458 2892 558 2956 radice
572 2905 709 2970 tenetur,

106 2985 208 3046 Antea
217 3004 305 3046 mons
315 2983 441 3069 migrat,
454 3007 544 3068 quam
557 2999 607 3048 tna
618 2987 708 3050 rerba
721 2990 836 3052 cadant.

64 3079 146 3162 Spes
159 3091 216 3139 stat
226 3079 368 3161 promissi
378 3079 462 3142 nollo
472 3081 624 3143 mutabilis
636 3095 718 3157 actu,

108 3171 171 3238 Cui
183 3173 221 3236 sit
232 3186 322 3258 pacta
330 3174 442 3253 semel,
455 3167 632 3260 perpetuata
643 3187 754 3238 manet.
