2218 3862
284 325 528 380 normarum
549 325 682 381 trouu
704 325 756 380 tx.
900 313 966 378 325

158 483 298 538 xxxtv.
319 483 375 535 DE
396 481 587 538 PRANDIO
608 486 889 541 DEFENSORIS.

83 602 261 686 Pisonum
274 621 323 682 bic
335 619 426 681 bodie
440 619 554 680 donum
568 619 767 682 memorabile
778 619 888 700 floret,⁴

126 716 283 779 Defensor.
291 713 401 796 pascit,
417 733 493 792 quus
503 731 605 786 eomes
618 714 682 795 ipse
696 715 785 775 fovet.

81 809 213 872 Deliciae
226 807 342 880 domini
356 828 422 885 quae
432 819 571 887 tempora
583 818 653 867 vota
667 807 854 885 ministrant,

126 901 272 980 Undique
286 899 467 960 conveniunt
480 897 622 974 flumine,
637 900 738 982 fruge,
754 901 838 981 polo.

84 993 274 1060 Childeberti
288 983 379 1053 etiam
393 991 559 1052 dominatio
573 990 662 1073 longa
675 992 840 1077 refulgens,

126 1087 172 1149 Te
188 1085 327 1170 Sigoalde
340 1085 391 1148 diu
401 1084 538 1145 sublevet
549 1103 637 1159 aree,
651 1086 754 1168 gradu.
808 1152 810 1158 ,

83 1179 133 1244 sit
145 1180 228 1262 regio
242 1178 329 1253 felix,
343 1177 439 1238 felicis
452 1177 529 1260 regis
543 1197 664 1254 amore,
689 1218 691 1228 ι

125 1273 227 1354 Atque
240 1271 315 1334 boni
325 1269 444 1334 comitis
458 1283 569 1333 creseat
579 1271 697 1332 bonore
710 1271 795 1334 tides

139 1425 265 1480 xxxv.
290 1423 345 1478 no
371 1423 688 1480 unnacromuu
709 1385 916 1482 contram.

85 1542 229 1628 Vautsrt
242 1560 364 1619 tandem
375 1577 435 1637 quo
448 1557 606 1618 debebaris
618 1556 733 1634 amice,

127 1654 208 1715 Ante
223 1673 324 1716 comes
336 1652 463 1726 merito,
477 1670 567 1729 quam
583 1652 666 1710 datus
680 1664 756 1712 esset
767 1651 880 1714 honen·
913 1673 914 1678 ¹

7 1783 8 1792 κ
88 1746 321 1830 Burdegalensis
334 1765 398 1806 eras
411 1743 521 1804 et'cum
536 1743 675 1804 defensor
687 1764 808 1822 amore,

129 1838 247 1923 Dignus
259 1838 417 1899 habebaris
431 1837 495 1897 baec
508 1837 567 1896 duo
579 1837 667 1919 digna
681 1858 796 1920 regens.

86 1931 111 1993 J
114 1934 213 1995 udicio
225 1933 302 2014 regis
314 1931 431 1993 valuisti
444 1950 577 1991 crescere
592 1931 697 2011 judex,

129 2025 286 2104 Famaque
300 2025 382 2104 quud
393 2022 521 2098 meruit,
536 2022 616 2106 regia
629 2023 729 2106 lingua
743 2025 833 2086 dedit.

86 2120 192 2181 Debet
201 2109 233 2179 et
246 2119 309 2199 ipse
322 2129 429 2198 potens
443 2128 475 2175 ut
489 2115 584 2176 adhue
596 2116 673 2176 bene
688 2137 822 2180 creseere
834 2120 948 2201 possis,x

132 2210 255 2272 Praestet
269 2225 302 2271 ut
312 2229 396 2270 arma
409 2209 492 2271 ducis
506 2209 558 2288 qui
570 2209 626 2270 tibi
639 2223 728 2270 restat
740 2230 825 2292 apex.

88 2306 136 2366 Ut
149 2305 253 2386 patriae
265 2304 341 2364 fines
352 2304 470 2384 sapiens
484 2302 593 2364 tuearis
608 2316 637 2364 et
650 2304 755 2381 urbes,

129 2397 321 2478 Aequitaswut
334 2398 363 2457 ei
376 2397 428 2475 qui
442 2398 493 2456 dat
505 2396 609 2477 opima
621 2396 688 2456 tibi.

91 2489 246 2554 Cantaber
259 2503 291 2552 ut
300 2491 420 2565 timeat,
436 2488 536 2551 Vasco
551 2510 637 2570 vagus
648 2509 733 2550 arma
745 2506 901 2572 pavescat,

21 2638 23 2642 .
132 2585 232 2665 Atque
247 2582 398 2668 Pyrenaeae
412 2584 527 2644 deserat
541 2584 629 2665 Alpis
642 2605 743 2665 opem.

89 2678 153 2739 Aut
161 2678 244 2758 quasi
251 2678 361 2760 grande
370 2675 494 2758 loquor,
503 2677 636 2739 saeithoc
646 2698 730 2740 sacer
744 2679 848 2742 unicus
856 2692 960 2744 auctor
964 2724 975 2760 9

7 2831 16 2858 ⁸
132 2768 162 2830 A
176 2769 438 2860 dominoerigitur
450 2789 558 2852 parvus
571 2783 600 2830 et
614 2771 801 2832 altushomo.

89 2862 142 2926 De
152 2878 261 2949 tyrone
272 2862 362 2924 duces
375 2863 473 2939 venit,
488 2876 518 2923 et
531 2865 568 2924 de
584 2863 680 2924 milite
695 2865 854 2947 princeps:
879 2936 881 2940 .

132 2957 179 3018 Ut
190 2957 322 3037 reliquos
335 2969 467 3032 taceam,
482 2957 506 3016 J
508 2957 670 3018 ustinianus
682 2971 756 3018 erat.

92 3051 165 3114 Hoc
178 3064 208 3113 et
220 3053 251 3111 iu
265 3051 390 3114 ecclesia
404 3047 525 3112 Cbristo
539 3050 688 3112 tribuente
701 3050 844 3128 refertur,

132 3145 185 3212 De
197 3145 342 3208 exorcista
354 3144 455 3226 aliquo
469 3143 649 3227 pontificatis
661 3143 769 3205 honora
833 3235 852 3299 8

475 3265 481 3269 -
813 3259 829 3298 2
