2218 3862
280 327 534 382 nonnarum
556 328 690 384 mann
716 330 765 384 rx.
908 321 968 405 319

82 417 217 498 Quando
230 431 259 480 et
272 419 442 480 vinctorum
455 417 650 502 lacrymantia
663 419 758 482 millia
771 413 878 502 solvit,

121 509 163 572 Et
174 523 332 573 revomunt
344 509 453 571 multos
463 524 573 572 tartara
586 512 678 574 fracta
691 513 780 574 viros.

79 604 210 665 Additur
221 603 271 664 hie
283 603 383 676 aliud,
398 605 479 681 quod
494 602 619 670 Martini
632 605 699 666 aula
711 607 792 667 beati

122 696 259 772 Emicat,
271 697 334 758 haec
350 696 402 756 ubi
416 716 497 758 nunc
511 698 637 777 prandia
647 699 722 759 festa
735 698 840 762 fluunt.

82 788 147 869 Qui
161 789 251 850 valuit
260 789 348 871 gestis
361 807 448 849 aures
461 787 579 870 pulsare
591 788 755 867 Tonantis,
821 839 830 856 .

124 881 253 942 Obtinet
264 895 293 942 et
304 881 420 942 meritis
433 881 515 960 quod
527 882 604 962 petit
616 883 695 943 alma
706 885 788 946 fides

83 974 148 1054 Qui
162 975 212 1055 pie
227 974 353 1036 restituit
363 973 501 1034 defuncta
513 975 655 1036 cadavera
667 977 748 1051 vitae,

123 1067 222 1146 Atque
235 1066 296 1128 Dei
310 1078 452 1148 prompte
465 1067 580 1147 praebet
592 1068 705 1129 amicus
716 1089 817 1149 opens.

88 1157 149 1221 Cui
162 1180 312 1222 successor
325 1179 415 1220 ovans
428 1159 521 1218 modo
534 1160 591 1220 rite
604 1159 768 1242 Gregorius
781 1173 901 1238 extans,

123 1252 180 1313 llle
193 1254 273 1332 quod
284 1252 426 1330 acquirit,
440 1251 489 1311 hic
502 1251 576 1333 regit
589 1272 660 1327 ore,
674 1253 742 1313 lide.

85 1341 151 1424 Qui
166 1357 247 1427 rogat
256 1345 305 1407 bic
317 1365 463 1425 praesens,
478 1343 550 1404 alibi
562 1344 632 1406 lieet
644 1344 752 1406 insidet
764 1346 892 1423 absens,

124 1436 252 1498 Exhibet
264 1449 351 1516 atque
364 1437 448 1497 eibos
462 1449 564 1517 pastor
577 1437 614 1497 iu¹
623 1438 697 1498 orbe
708 1438 816 1500 bonus.

83 1529 178 1592 Hunc
188 1531 279 1612 igitur
291 1529 440 1591 celebrate
452 1529 533 1590 diem
546 1529 722 1591 solemniter
735 1553 863 1609 ornnes,

125 1622 214 1701 Quos
225 1623 310 1684 Deus
323 1624 515 1703 omnipotens
527 1623 576 1684 hic
588 1623 673 1683 dedit
683 1645 745 1686 esse
758 1645 855 1706 pares.

4 1731 29 1811 g
85 1715 173 1796 Quos
180 1717 238 1777 sihi
249 1714 398 1776 Martinus
410 1715 530 1798 collegit
542 1735 646 1776 amore
660 1717 826 1800 benignus,

114 1807 166 1876 ,Et
178 1809 248 1871 facit
261 1829 330 1870 ecce
344 1827 424 1869 escas
436 1806 485 1868 hic
499 1808 620 1888 epulare
634 1829 710 1870 suas.

61 1899 166 1992 gErgo
177 1902 232 1962 sub
245 1900 390 1962 ineolumi
404 1897 601 1961 Childebertu
612 1921 647 1963 ae
655 1901 882 1979 Brnneehild'e,

46 2006 61 2045 '·
128 1993 216 2074 Quos
229 1993 333 2054 tribuit
344 1991 438 2053 celsos
452 2012 542 2075 regna
553 1992 655 2055 sovere
668 1991 761 2055 Deus.

6 2075 9 2088 ’
83 2086 149 2150 Vos
160 2107 278 2167 quoque
291 2086 437 2146 miserunt
450 2085 597 2166 populum
609 2087 766 2146 moderare
780 2085 922 2161 fidelem,
960 2101 963 2110 '

7 2193 10 2216 ’
125 2178 166 2239 Et
178 2179 310 2240 relevare
324 2178 447 2259 inopes,
461 2178 487 2238 si
499 2179 564 2257 quis
578 2191 607 2238 et
621 2190 696 2238 extat
708 2199 804 2260 egens.

84 2272 131 2334 Ac
143 2273 224 2333 bona
237 2272 275 2331 de
286 2271 417 2332 dominis
427 2273 581 2332 noscendo
594 2284 622 2331 et
635 2273 748 2354 agendo
760 2271 908 2354 benigna,

128 2363 197 2425 Sint
207 2384 325 2444 quoque
338 2363 447 2423 laetitiae
459 2363 570 2444 pabula
582 2377 678 2425 vestra
690 2364 764 2425 fide,

87 2456 177 2539 Quos
189 2456 323 2517 invitavit
334 2454 460 2515 Martini
474 2476 577 2516 mensa
589 2456 692 2532 beati,

128 2549 244 2611 Sumite
257 2550 416 2632 gaudentes
429 2549 510 2628 quod
522 2549 571 2608 dat
585 2569 688 2610 amore
700 2548 773 2608 dies.

87 2641 166 2724 Quae
177 2643 274 2702 bonus
286 2640 405 2702 antistes
419 2642 567 2702 nascendo
582 2639 746 2725 Gregorius
759 2660 880 2721 expers,

129 2735 269 2809 Plaudet,
284 2747 313 2795 et
326 2734 523 2815 hue-populis
533 2735 639 2817 gaudia
649 2747 744 2795 vestra
758 2746 851 2796 canat.

88 2826 208 2889 Omnia
218 2825 377 2906 tranquilla
390 2827 552 2906 disponens
564 2840 701 2908 tempora
714 2847 809 2908 paee,

130 2918 212 2984 Cum
223 2940 290 3000 rege
304 2932 334 2980 et
345 2918 475 3001 populos
487 2932 518 2979 ut
529 2933 605 3002 tegat
618 2940 685 2982 arce
699 2918 794 2980 Deus.

109 3038 204 3104 XXV.
222 3037 300 3090 PRO
318 3035 475 3088 PUELLA
496 3039 520 3090 A
541 3035 766 3090 JUDlCIBUS
793 3033 937 3101 GAPTA,

275 3126 315 3164 an
341 3125 549 3166 onnuonrun
571 3125 776 3166 narscoaun.

87 3188 250 3274 Emano
262 3209 380 3274 domini
392 3207 468 3270 mihi
482 3207 530 3274 vel
542 3206 720 3274 venerabilis
733 3205 818 3287 orbi,
