2222 3844
163 323 223 375 nn
249 321 351 376 trra
382 323 412 376 s.
438 324 627 379 truamur
653 325 785 382 unna
811 331 832 380 1.
901 317 942 382 23

57 414 94 476 Et
104 413 225 477 vivente
237 413 305 477 viro
319 413 398 475 intra
406 435 438 476 se
450 435 502 476 sua
513 431 633 478 mortua
646 439 729 481 mora
741 434 793 482 est.

57 557 104 608 DE
112 558 251 610 REDITU
264 558 293 612 S.
302 558 456 622 Httamt,
467 557 513 610 ET
525 558 678 613 Mortuo
688 561 943 623 RESUSCITATO.

58 676 195 758 Rursus
207 709 240 758 ut
256 696 379 758 Hilario
392 698 539 760 redeundi
553 713 596 761 est
609 720 689 762 cessa
701 702 844 782 facultas,

57 788 197 852 Excurrit
208 811 359 872 properus
372 812 423 852 sua
433 805 503 873 post
513 794 635 878 vestigia
647 796 758 878 justus3

57 880 177 966 Excipit
191 885 242 946 hic
255 886 397 967 cupidum
411 887 553 967 cupiens,
573 902 603 949 et
615 902 732 951 amator
744 906 913 973 amantemj

57 975 168 1058 Fitque
180 980 398 1041 monasterium
411 978 533 1043 Pietava
541 985 715 1045 *comminus
728 985 812 1048 urbe.

56 1071 203 1155 Jungitur
215 1072 286 1134 inde
298 1093 383 1136 sacro
395 1075 627 1138 catechumenus
641 1099 695 1140 ore
707 1081 875 1161 doeendus,

59 1163 159 1247 Atque
172 1167 295 1227 ahsente
310 1167 376 1228 viro
388 1169 488 1250 rapuit
495 1190 587 1253 grave
600 1171 842 1237 sunus-amicum.

60 1255 108 1318 En
121 1260 223 1321 subito
238 1257 390 1321 Martinus
405 1263 505 1339 adest,
519 1265 570 1344 qui
584 1264 678 1325 defuit
690 1265 813 1327 absens:

61 1349 141 1415 Ecce
154 1354 235 1414 redit
247 1355 342 1434 pietas
354 1399 364 1430 ‚
381 1357 459 1416 redit
471 1369 501 1418 et
512 1358 603 1418 simul
613 1378 680 1418 arra
692 1357 803 1420 salutis.

61 1444 142 1530 Ergo
154 1447 210 1507 ubi
224 1449 377 1528 conspexit
389 1450 522 1530 gelidum
534 1452 571 1511 de
586 1451 827 1530 temeratam,

61 1539 150 1616 Flet,
163 1541 279 1624 gemit,
291 1543 436 1618 accurrit,
448 1543 676 1626 doletpejulat,
693 1546 808 1624 uritur,
826 1551 923 1635 angit,

65 1631 311 1716 Cpncipiensque
321 1635 413 1696 fidem
426 1635 503 1700 cella
515 1658 621 1699 omnes
633 1639 717 1722 jussit
729 1640 813 1703 abire
825 1686 835 1719 ‚

62 1725 254 1808 Exclusitque
264 1730 344 1790 foras
356 1729 498 1808 foribus,
518 1731 582 1793 sine
594 1743 668 1793 teste
682 1732 823 1796 relictus:
840 1779 842 1786 a

60 1820 150 1885 Tuno
162 1843 254 1904 super
266 1823 389 1906 algentis
405 1845 515 1906 eorpus
526 1825 725 1907 prosternitur
738 1829 845 1891 ardens

62 1915 184 1980 Judicis
194 1929 333 1994 exactor,
346 1930 505 1980 revomant
517 1931 549 1978 ut
561 1932 670 1982 tartara
682 1919 827 1984 sunctum.

65 2011 187 2074 Interea
199 2013 328 2097 geminis
339 2014 437 2095 spatio
453 2026 625 2075 remorante
638 2013 692 2074 suh
704 2015 804 2092 horis,

64 2101 144 2170 Eece
156 2108 236 2168 redit
248 2107 338 2168 iacies
345 2151 357 2184 1,
373 2107 482 2169 saliunt
494 2129 551 2189 per
563 2109 703 2168 membra
715 2129 862 2191 vapores:

66 2199 129 2261 Stat
140 2201 235 2262 rubor
246 2201 316 2276 iude
327 2201 431 2286 genis,
449 2201 552 2265 oeulos
566 2201 683 2283 papilla
694 2203 841 2286 repingit3
934 2288 937 2292 Ι

65 2293 181 2356 Rursus
187 2305 221 2355 et
233 2295 360 2356 insertus
372 2308 497 2356 renovat
507 2294 674 2377 specularia
686 2297 785 2357 visust

65 2385 153 2450 Vena
163 2401 261 2449 tumet
276 2388 348 2449 rivis
363 2389 497 2450 animato
510 2389 594 2451 sonte
608 2388 746 2463 cruoris,

66 2477 217 2556 Paulatim
229 2483 352 2565 assurgit
362 2482 475 2544 fabrica
488 2484 634 2544 titubante
651 2481 809 2560 columna,

66 2573 258 2660 Erigiturque
269 2577 369 2657 jacens
379 2576 493 2658 pariter
506 2578 613 2638 domus
624 2590 656 2638 et
667 2598 735 2638 suus
746 2578 872 2662 hospes3

66 2667 135 2750 lpse
148 2669 263 2730 iterum
275 2683 344 2751 post
356 2691 387 2730 se
400 2671 502 2732 vivens
516 2671 599 2730 idem
613 2685 717 2733 auctor
730 2685 759 2733 et
770 2673 864 2737 haeres
874 2700 884 2736 v:

67 2760 130 2839 Qui
145 2761 295 2824 redivivus
304 2764 346 2822 ait
357 2784 388 2824 se
401 2763 507 2845 judicis
520 2777 588 2823 ante
599 2765 750 2842 tribunal,

68 2856 204 2920 Ductnm
216 2857 420 2923 damnandum
433 2853 568 2918 Martino
583 2871 687 2921 orante
703 2861 870 2922 reductum.

149 3009 206 3061 DE
235 3007 377 3064 SERVO
400 3009 594 3063 LUPICINI
621 3009 872 3064 SUSCITATO.

70 3117 226 3203 Lnrtctttt
239 3140 361 3206 demum
381 3140 514 3205 celerans
528 3140 599 3203 dum
615 3141 750 3223 praeterit
764 3160 889 3224 agrum,
