2218 3862
166 373 227 435 ³22
431 387 464 440 v.
483 388 520 440 u
542 385 788 442 ronrurrlrr

293 515 384 566 XXX.
399 513 455 564 DE
473 515 666 568 Pmoun
687 514 914 569 mscot‘o.

166 602 322 684 Pinum
334 625 498 703 disponunt
510 644 594 705 reges
610 623 717 684 solatia
728 623 832 702 plebi,

207 717 386 778 Pontificem
397 719 501 776 dantes
511 737 602 796 quern
614 717 724 795 probat
737 716 817 776 alma
833 718 915 778 fides.

165 813 213 873 Ut
222 811 301 873 colat
316 809 470 890 Hilarium
482 831 573 888 quem
585 810 635 867 dat
649 807 802 870 Martinus
812 811 972 871 alumnum
983 827 996 888 ,·

207 903 250 964 Et
260 903 438 965 confessoris
450 914 586 984 protegat
598 901 645 960 ala
656 914 776 982 potens,

168 997 233 1059 Hic
244 1009 324 1078 regat
336 996 385 1056 hic
397 995 545 1074 populum
556 1014 708 1056 successor
717 995 834 1056 honore
844 996 953 1072 beato,

207 1089 249 1149 Et
261 1089 377 1150 clerum
389 1087 523 1148 eeclesiae
533 1087 586 1166 qui
599 1088 773 1147 moderetur
786 1107 855 1169 ope.

167 1183 294 1244 Floreat
302 1201 370 1242 arce
382 1181 491 1241 decens
503 1201 554 1240 rex
567 1177 778 1240 Chiltlebertus
790 1181 822 1240 in
836 1181 927 1256 orbe,

212 1273 294 1337 Cum
301 1273 425 1356 genitis,
438 1273 573 1353 populo,
588 1286 702 1346 matre,
716 1293 836 1349 sorore,
848 1276 929 1358 jugo.

169 1367 289 1430 Gaudia
299 1366 366 1425 loeta
378 1367 457 1446 parit
469 1366 626 1444 praeseutia
637 1378 736 1426 sancte
752 1365 901 1450 Gregori,
995 1387 997 1390 ·

210 1459 252 1520 Et
263 1460 397 1542 geminas
409 1459 498 1520 urbes
510 1460 628 1538 adjuvet
640 1479 699 1518 una
712 1459 795 1519 fides.

168 1549 236 1637 Qui
249 1554 341 1612 modo
352 1551 500 1633 discipulo
514 1550 642 1612 Platone
655 1551 785 1611 antistite
797 1566 939 1629 summoj

210 1645 389 1709 Solemnem
401 1645 533 1708 ecclesiae
545 1645 595 1707 hic
607 1644 689 1704 dedit
701 1663 765 1704 esse
778 1643 870 1705 diem.

173 1791 284 1844 xxxi.
305 1789 361 1839 nu
382 1787 661 1840 inuenerem
678 1786 824 1840 mirre
841 1755 1066 1841 GREGan

533 1877 702 1916 2121800121.

174 1953 283 2033 Fuci!
299 1974 346 2034 ως
360 1972 476 2028 meritis
485 1973 543 2035 sibi
558 1971 731 2034 Machabaea
744 1971 793 2033 rel
805 1969 888 2049 orbi,

214 2058 369 2122 Nobilitas
379 2058 496 2141 generis
508 2057 642 2119 nobilior
653 2065 768 2141 genitls.

176 2155 255 2236 Quae
268 2167 383 2235 septem
396 2152 511 2233 palmas
524 2151 599 2214 coelo
613 2152 776 2212 transmisit
789 2151 826 2212 ab
843 2150 931 2229 alro,‘

217 2247 416 2331 Martyriique
429 2248 518 2306 decus
530 2244 655 2325 protulit
668 2244 720 2304 ille
733 2256 841 2305 uterus.

172 2341 222 2402 Tu
236 2360 354 2420 quoque
367 2339 453 2419 prole
466 2350 573 2418 potens
585 2351 665 2399 recte
677 2338 867 2398 Armentaria
880 2337 973 2416 lelix,

217 2432 286 2495 Nec
299 2433 400 2491 minor
413 2453 447 2492 ex
460 2443 547 2512 partu
559 2451 647 2510 qnam
662 2431 748 2512 prior
760 2431 812 2492 illa
824 2433 899 2493 sinn.

175 2526 232 2588 llla
243 2539 325 2586 vetus
337 2511 463 2584 nurnero
475 2526 588 2605 major,
599 2537 632 2583 tu
644 2524 772 2584 maxima
785 2525 879 2600 coelo,

218 2616 314 2698 Quod
326 2629 464 2697 poterant
476 2617 592 2699 plnres,
605 2618 709 2677 unicus
721 2616 780 2678 hoc
792 2629 857 2678 tuus
869 2629 922 2678 est.

176 2711 265 2774 Poeta
279 2711 357 2772 clara
369 2722 440 2784 tuo,
454 2710 546 2792 geniti
561 2711 741 2772 circumdata
754 2709 866 2786 fructu,

217 2802 272 2864 Est
282 2803 337 2863 tibi
351 2801 516 2885 Gregorius
529 2801 630 2883 palma
641 2822 753 2864 corona
766 2823 870 2863 novus.

175 2895 230 2960 Me
243 2894 444 2956 Fortunatam
456 2895 602 2956 humilem
613 2898 794 2957 commendo
807 2909 967 2973 verenter,

217 2987 264 3051 Ac
277 2988 352 3049 mihi
365 2988 515 3050 coelestem
530 3009 628 3067 quaeso
642 2990 775 3071 preceris
787 3009 889 3070 opem.

265 3129 394 3188 xxxu.
412 3127 493 3180 ruo
510 3098 736 3184 'courcero
753 3129 969 3182 stGOALDI.

180 3213 323 3296 Futtttus
336 3233 429 3298 ltaliae
442 3255 510 3314 curn
524 3237 659 3321 primum
670 3223 709 3299 etl
718 3257 808 3321 regna
819 3237 977 3315 venirem,
