2222 3844
176 286 234 340 un
255 289 348 342 v1ra
375 287 402 340 s.
424 287 607 341 Mnurntt
629 287 756 341 trouu
779 290 818 342 tt.
900 271 942 350 43

72 378 124 459 Qui
133 379 240 444 virtute
252 379 373 460 nequit,
386 391 541 460 superatus
554 392 587 441 ut
599 391 662 442 arte
674 380 810 443 rebellet.

27 521 30 562 Ι
71 472 118 535 Sed
129 488 228 537 tamen
243 474 411 554 intrepidus
424 474 555 553 persistit
567 474 668 536 inania
680 487 835 551 temnens,

68 565 183 650 Semper
196 569 229 630 in
245 568 375 630 adversis
387 567 518 651 jaculans
532 569 628 630 crucis
641 589 725 630 arma
737 569 862 647 beatus,

65 660 186 747 Belliger
198 663 259 726 hoc
270 663 378 747 clypeo
392 662 511 723 hostilia
524 662 582 723 tela
598 663 744 740 relidens,

66 755 124 836 Qua
134 771 314 840 penetrante
327 758 391 821 acie
403 777 435 818 se
449 757 588 819 machina
601 757 674 818 falsa
686 757 817 820 resolvit.

64 849 138 934 Saepe
147 854 245 914 etiam
263 854 294 913 in
307 865 443 914 sanctum
454 871 563 914 vacuos
576 872 683 914 acuere
697 853 840 916 turnultus

59 942 253 1023 inficiatores,
268 945 343 1008 falso
357 946 515 1008 minitante
528 945 656 1030 flagello.

60 1036 112 1100 Sed
128 1042 268 1104 fremitus
281 1041 395 1124 fragilis,
407 1061 462 1122 per
478 1041 579 1102 inania
593 1040 730 1126 cymbala
745 1041 852 1119 tinnit,

60 1129 271 1216 Oppositisque'
286 1136 376 1196 minis
387 1135 540 1196 interritus
553 1135 617 1217 ipse
632 1137 758 1213 resistit,

58 1226 116 1292 Nec
127 1231 251 1292 fundata
262 1232 348 1293 decet
359 1243 463 1292 contra
475 1243 615 1293 evacuata
626 1230 755 1292 moveri.

58 1320 131 1386 Hinc
142 1347 266 1406 quoque
280 1325 397 1385 laetiferi
410 1324 536 1386 suffusus
551 1322 622 1388 felle
635 1325 745 1384 veneni

58 1414 201 1496 Perfidus,
223 1418 398 1493 horribilis,
412 1431 497 1495 trux,
512 1417 663 1493 lubricus,
680 1418 799 1479 invidus
812 1419 916 1503 anguis

58 1508 114 1573 Ore
124 1513 288 1576 cruentatis
300 1511 469 1573 Martinum
477 1526 625 1594 provocat
639 1512 750 1588 armis,

58 1603 112 1668 Cur
123 1608 234 1671 habeat
250 1607 414 1670 monachos
428 1627 558 1668 oneroso
572 1606 701 1670 crimine
711 1626 849 1689 pressos,

57 1697 112 1762 Cur
124 1703 281 1766 maculosa
293 1703 401 1765 cohors
409 1700 530 1762 -babitet
543 1702 594 1782 pia
607 1714 691 1783 septa
703 1701 854 1786 magistri,

55 1791 98 1856 Ne
109 1819 157 1859 rea
167 1798 259 1860 turba
270 1798 361 1859 malis,
369 1797 462 1859 violet
474 1797 625 1859 consortia
638 1798 728 1880 justi,

55 1883 187 1954 Morbida
202 1915 264 1954 neu
277 1892 409 1972 reliquos
420 1891 485 1952 vitii
498 1891 634 1974 contagia
646 1892 772 1966 fricent,

58 1979 111 2060 Qui
121 1987 201 2049 male
214 1987 381 2070 polluerint
393 1987 502 2048 lavacri
515 1986 696 2048 venerabilis
707 1987 840 2063 undam,

56 2074 93 2138 dc
103 2082 351 2163 suaperdiderint
363 2081 542 2162 baptismata
556 2081 682 2141 crimine
695 2080 804 2157 mersi,

56 2166 113 2237 Nec
124 2178 228 2238 redeat
245 2177 363 2237 miseris
378 2176 454 2236 ultra
465 2175 647 2259 induigentia
663 2172 794 2248 Christi,

57 2261 113 2329 Nec
126 2271 173 2332 via
185 2271 225 2332 sit
239 2270 349 2346 veniae,
369 2270 461 2352 periit
474 2267 581 2351 quibus
593 2270 692 2330 orbita
705 2269 813 2350 lapsis,

59 2354 124 2422 Cum
137 2365 234 2427 semel
245 2365 276 2424 in
289 2365 409 2426 foveam
423 2365 470 2426 vix
483 2377 526 2425 est
542 2383 685 2426 revocare
698 2374 859 2437 ruentem,

58 2450 93 2514 Ac
103 2477 197 2539 neque
211 2459 327 2520 restitui
340 2470 453 2519 vastato
464 2458 495 2519 in
509 2478 638 2539 corpore
652 2454 771 2519 ssorern.

59 2539 128 2614 Tunc
139 2551 292 2613 Martinus
301 2553 343 2613 ait
352 2553 415 2615 haec
428 2565 532 2614 contra
547 2551 708 2614 Daemouis
720 2550 813 2610 iram:

60 2632 159 2708 Perfide
175 2646 346 2727 desipiens,
362 2646 431 2727 quia
443 2666 505 2706 nou
517 2657 566 2706 tua
579 2646 742 2706 commoda
757 2645 873 2722 cernis,

60 2728 148 2800 Hostis
164 2740 268 2819 inique
280 2740 355 2815 tibi,
373 2739 430 2800 tibi
443 2739 531 2800 noxie
551 2751 581 2800 te
594 2752 759 2820 pereunte,

61 2820 86 2884 Si
98 2851 171 2894 nunc
184 2833 347 2916 poeniteas,
360 2833 384 2894 si
396 2855 477 2896 nunc
490 2832 664 2914 resipiscere
680 2832 788 2908 velles,

61 2912 237 3008 Praecipitare
250 2927 365 2988 animas
383 2939 417 2987 ut
433 2930 494 3009 jam
508 2948 564 3009 per
582 2927 710 2989 crimina
722 2927 839 3007 nolles,

61 3006 114 3078 Nec
123 3031 169 3080 tua
182 3021 319 3082 saevireut
331 3020 437 3082 alienae
450 3020 510 3082 tela
523 3021 633 3098 ruinae,

62 3097 230 3198 Furoresque
242 3126 309 3178 tuos
320 3116 498 3198 damnares,
516 3114 621 3179 ultime
632 3115 735 3200 iudex.
