2230 3838
301 325 545 379 potentatum
567 325 697 380 LIBER
719 327 758 380 11.
923 317 976 378 131

109 476 144 526 X.
163 474 218 525 DE
234 473 451 528 ECCLESIA
468 475 707 529 MOGUNTIAE
730 476 957 534 etvl'rn'tts.

95 587 219 669 Annua
232 607 341 669 sacrati
354 607 540 689 baptismatis
556 607 623 670 aula
633 623 791 688 coruscat,

135 699 207 780 Quo
220 699 330 762 delicta
344 701 417 761 Adae
429 699 565 764 Christus
576 703 608 763 in
620 722 709 765 amne
723 703 808 766 lavat.

95 793 155 856 Hic
169 807 290 876 pastore
303 793 375 856 Deo
385 795 469 876 puris
478 817 550 878 grex
563 797 707 880 mergitur
721 800 828 878 undis,

134 887 184 948 Ne
198 887 348 950 maculata
360 889 412 950 diu
425 889 535 951 vellera
548 904 641 975 gestet
655 893 727 954 ovis.

87 982 193 1042 'l'raxit
206 983 293 1065 origo
307 1004 412 1044 necem
426 985 612 1058 desemine,
626 987 679 1046 sed
692 998 778 1067 pater
792 985 876 1050 orbis

132 1074 277 1160 Purgarit
290 1077 414 1139 medicis
427 1078 554 1140 crimina
569 1080 674 1140 mortis
687 1081 782 1160 aquis.

93 1169 183 1232 Hanc
195 1183 300 1231 tamen
312 1171 433 1232 antistes
447 1169 589 1234 Sidonius
603 1173 704 1235 extulit
717 1194 841 1250 arcem,

134 1262 199 1344 Qui
213 1264 332 1325 domini
346 1265 458 1327 cultum
471 1267 585 1349 templa
597 1269 737 1329 novando
752 1267 842 1328 fovet.

92 1351 204 1418 Struxit
216 1357 395 1419 Berthoarae
406 1373 476 1420 voto
489 1361 663 1443 complente
676 1362 835 1437 sacerdos,
863 1408 866 1412 .

134 1449 214 1531 Quae
228 1453 319 1514 decus
330 1453 463 1515 ecclesiae
478 1457 579 1516 cordis
590 1475 694 1532 amore
707 1455 816 1536 placet.

95 1543 261 1608 Catholicae
275 1546 345 1606 fidei
358 1546 501 1628 splendor
514 1550 624 1630 pietate
637 1569 814 1626 coruscans,
913 1581 914 1584 ¹

132 1639 338 1721 Tempiorum
349 1640 455 1703 cultrix
466 1643 591 1725 prodiga
604 1643 797 1726 pauperihus.

93 1731 234 1794 Seminat
246 1735 326 1796 unde
340 1748 433 1798 metat
447 1737 543 1820 sruges
555 1738 723 1821 spargendo
737 1738 903 1801 recondens
917 1761 925 1801 z

133 1827 282 1891 Terrenis
295 1828 404 1911 opibus
414 1850 477 1891 nnn
488 1832 638 1893 moritura
651 1844 745 1914 parat.

94 1921 173 1984 Filia
186 1923 276 2006 digna
290 1923 368 2004 patri
381 1936 411 1984 te
424 1921 636 2012 Tigeodebcrte
647 1926 831 2004 reformans,

132 2017 248 2078 Rexisti
260 2017 389 2099 patriam
401 2018 453 2098 qui
467 2019 578 2099 pietate
592 2019 698 2100 patris.
716 2067 718 2076 ,

91 2110 133 2173 Et
143 2111 310 2174 comitante
323 2111 382 2173 fide
393 2114 539 2175 revocasti
552 2135 587 2173 ex
597 2113 681 2174 hoste
696 2113 883 2196 triumphos,

134 2205 198 2267 Sed
212 2206 293 2289 capti
306 2207 405 2288 pretio
419 2227 490 2268 mox
504 2207 621 2268 rediere
634 2220 695 2267 tuo.

93 2297 238 2363 Ecclesiae
251 2299 362 2376 suitur,
377 2300 440 2361 laus
453 2321 576 2384 regum,
593 2314 696 2383 pastor
710 2309 866 2382 egentum,

136 2393 221 2456 Cura
232 2394 436 2469 sacerdotum,
449 2408 610 2477 promptus
622 2395 660 2455 ad
672 2413 763 2454 omne
776 2391 902 2452 bonurn.

97 2486 188 2572 Cujus
202 2487 290 2550 dulce
303 2489 404 2572 jugum
415 2488 514 2551 nuilus
524 2489 671 2573 gemuisse
686 2488 813 2561 fatetur,

133 2581 223 2646 Vivis
236 2581 333 2644 adhuc
346 2581 461 2644 meritis
476 2603 527 2644 rex
539 2584 572 2644 in
586 2602 690 2646 amore
704 2580 771 2643 tuis.

119 2761 166 2811 xt.
184 2757 237 2808 DE
254 2755 417 2810 anltten
438 2757 566 2811 SANCTI
583 2757 736 2810 GEORGII
752 2753 955 2817 ultumum,

106 2850 188 2902 quara
199 2848 372 2890 mulctum
384 2851 512 2890 sruomus
522 2847 758 2890 ancmcnrscorus
767 2847 964 2886 nouunrmos.

92 2953 283 3036 Mimas
297 2968 421 3054 egregiis
434 2969 553 3052 pollens
564 2969 658 3034 micat
669 2967 737 3030 aula
750 2965 884 3050 Georgi,
895 3009 897 3019 a

131 3064 232 3149 Cujus
246 3066 278 3126 iu
292 3065 372 3130 hunc
385 3066 532 3126 mundum
544 3063 693 3148 spargitur
703 3061 779 3123 altus
790 3060 908 3132 honor,

91 3157 245 3238 Carcere,
260 3159 339 3222 caede
348 3204 357 3237 ‚
367 3160 467 3238 same,
480 3158 605 3238 vinclis,
619 3158 692 3236 site,
706 3149 980 3240 frigore‚flammis‚
