2222 3844
180 320 237 372 nt:
256 319 357 373 VITA
385 319 412 370 S.
436 319 622 373 MARTlNl
648 320 778 374 LIBER
808 323 831 375 l.
911 335 951 396 27

64 416 186 480 Obtulit
198 434 283 477 arma
296 413 412 490 crucis,
427 412 583 475 cumulans
596 433 649 474 sua
661 414 742 476 bella
756 416 926 500 triumphis.

61 511 210 575 Extimuit
222 509 345 593 fugitiva
356 507 455 571 virum
468 508 651 590 repedabilis
663 511 774 589 arbor,

62 606 103 668 Et
116 608 231 667 ruitura
243 602 352 686 procul
364 600 519 683 suspendit
532 603 564 663 iu
577 622 647 665 aera
660 603 788 685 lapsum.

62 699 226 780 Excutiens
237 711 319 760 retro
332 717 418 761 versa
428 718 552 775 comas,
566 699 631 759 siue
645 713 744 762 morte
756 703 902 766 caducum

65 793 228 857 Continuit
241 793 349 855 saltum
361 813 425 856 sese
437 814 494 874 per
507 792 609 854 inania
625 793 739 856 librans

66 887 186 952 Contra
197 900 334 949 naturam
348 887 461 951 succisa
472 902 502 950 et
513 909 603 951 curva
616 910 794 974 repugnans.

63 983 142 1046 Mox
155 983 233 1066 petit
246 983 321 1044 illud
334 984 410 1060 iter,
424 1003 482 1063 qua
494 1004 558 1044 nou
572 1003 624 1046 sua
634 987 773 1066 pondera
786 995 937 1067 torquent¹

65 1077 153 1141 Hinc
166 1079 205 1138 ad
218 1077 364 1141 ruricolas
376 1079 490 1162 vertigo
504 1079 610 1140 infesta
622 1093 760 1157 rotatur,

64 1171 103 1234 In
114 1185 253 1234 montem
266 1171 389 1234 exiliens
401 1174 509 1235 vindex
522 1187 554 1234 ut
566 1172 673 1255 puniat
682 1175 801 1246 hostes;

66 1268 192 1348 Resque
206 1278 310 1350 parata
321 1267 390 1330 neci
402 1267 458 1328 suit
468 1268 543 1329 ultio
557 1268 634 1331 facta
647 1268 758 1330 salutis.

66 1362 121 1423 Fit
134 1363 236 1446 fragor
249 1363 282 1422 in
295 1375 395 1445 partes
409 1385 416 1421 :
429 1362 572 1425 monachi
586 1384 642 1445 per
655 1363 762 1446 gaudia
775 1361 887 1425 dellent
901 1387 909 1421 ι

70 1457 213 1519 Gentiles
225 1457 337 1538 stupidi
351 1477 429 1520 nova
442 1479 498 1539 per
511 1457 658 1522 miracula
670 1458 794 1542 pallent.

69 1550 94 1611 J
95 1551 197 1614 udicio
210 1550 283 1634 ligni
296 1563 341 1612 est
352 1551 513 1613 hominum
527 1552 645 1614 mollita
658 1553 795 1616 voluntas
809 1575 817 1614 ε

67 1644 194 1728 Expetit
206 1665 292 1708 arma
303 1646 399 1709 crucis
412 1667 556 1708 conversa
569 1669 673 1709 errore
686 1649 829 1729 repulso;

70 1738 114 1799 Et
126 1741 222 1800 timor
233 1739 283 1804 hic
296 1739 362 1821 pini
377 1739 545 1802 lllartinum
559 1741 630 1805 fecit
642 1743 738 1803 amari
751 1768 760 1802 :¹

70 1833 228 1918 Maiorem
237 1854 383 1919 generans
393 1835 525 1899 fructum
538 1857 607 1900 cum
621 1838 732 1901 decidit
745 1837 846 1899 arbor.

93 1985 159 2040 UBl
177 1986 276 2042 Falto
294 1986 453 2042 INCENSO
473 1989 596 2044 IGNEllll
611 1993 636 2043 A
651 1991 761 2044 DOMO
782 1991 947 2045 REPULl'l'.

72 2111 169 2196 llntc
183 2131 266 2213 jubet
278 2130 399 2194 alterius
412 2133 595 2196 succendere
607 2132 741 2196 culmina
750 2133 833 2195 farri:

72 2229 279 2307 Vicinumque
293 2229 420 2290 domum
432 2249 501 2291 cum
513 2226 655 2290 flammea
668 2229 749 2311 ligna
760 2241 918 2306 vorarent,

73 2324 203 2387 Viribus
216 2322 308 2383 ardor
320 2341 409 2406 agens
421 2323 512 2398 totis,
530 2321 641 2384 laxatus
653 2322 778 2382 habenis
790 2366 800 2398 ‚

76 2419 199 2483 Obvius
213 2419 278 2501 ipse
290 2416 372 2481 volat
385 2430 530 2500 quantum
542 2417 649 2502 globus
662 2417 765 2501 igneus
779 2417 858 2493 ibat,

76 2514 233 2580 scandens
245 2525 324 2576 tecta
337 2515 444 2576 domus
458 2536 466 2587 ;
480 2512 553 2576 hinc
568 2513 661 2576 rerba
673 2512 829 2594 precantia
841 2511 933 2574 mittit
948 2535 955 2572 ε

73 2609 150 2673 Mox
162 2622 229 2670 tota
240 2609 273 2669 in
284 2621 390 2670 ventos
403 2608 538 2671 revoluta
553 2609 692 2672 incendia
706 2608 841 2684 fervent,
951 2629 954 2636 ¹

75 2703 115 2766 Et
128 2716 237 2767 contra
251 2701 386 2765 Boream
399 2701 568 2766 Vulcanius
583 2704 674 2764 ardor
687 2701 823 2779 anhelat,

78 2795 237 2862 Seditione
247 2811 370 2860 movent
383 2799 533 2860 elementa
546 2797 718 2860 domestica
727 2796 803 2858 rixas
814 2818 823 2870 3

78 2892 224 2957 Adversis
237 2895 375 2978 zephyris
386 2895 487 2956 videas
499 2912 632 2978 pugnare
645 2892 760 2954 favillas
774 2915 781 2952 :

78 2986 163 3051 Hinc
176 2987 265 3050 suror
276 2988 424 3051 Australis
434 2985 568 3070 premit,
582 2987 654 3050 hinc
667 2985 822 3049 velocibus
834 2983 890 3044 alis

78 3079 223 3145 Flnnma
233 3083 337 3145 volans
350 3083 483 3144 Borinas
496 3083 656 3144 mordebat
670 3081 703 3142 in
716 3100 785 3141 aere
797 3097 929 3160 pennas,

81 3173 247 3241 Obluctata
260 3176 332 3255 diu,
345 3177 525 3258 tandemque
537 3177 634 3241 evicta
652 3196 710 3259 per
722 3193 827 3249 auras,
