2230 3838
295 352 549 406 POEMATUM
571 352 702 406 LIBER
726 353 779 408 tv.
926 339 984 406 185

131 445 275 510 Praesulis
288 447 417 507 adventu
430 447 546 508 reddite
558 458 630 510 vota
643 445 724 508 Deo.

90 542 164 606 Hoc
177 562 256 627 puer
269 554 385 602 exertus
398 541 547 618 celebret,
561 542 621 604 boe
631 560 721 603 curva
733 555 890 619 senectus,

131 637 206 701 Hoc
218 655 383 699 commune
397 636 513 697 bonum
527 635 672 718 praedicet
684 636 900 698 omnishomo.

99 731 175 816 Spes
186 731 286 814 gregis
299 750 370 793 ecce
381 730 479 806 venit,
493 730 592 812 plebis
605 742 706 812 pater,
720 730 805 793 urbis
816 745 950 810 amator,

134 825 269 887 Munere
282 824 410 906 pastoris
423 823 610 886 laetificentur
623 843 702 885 oves.

90 919 242 983 Sollicitis
254 919 349 980 oculis
362 940 452 998 quem
466 940 614 1001 prospera
625 932 695 981 rota
704 920 867 1000 petebant,

129 1013 265 1075 Venisse
279 1013 443 1094 aspiciant,
456 1014 562 1097 gaudia
574 1014 649 1074 testa
661 1012 775 1075 colant,

93 1108 169 1170 dura
179 1107 341 1170 namatii
350 1107 458 1168 merito
472 1118 645 1169 reverenter
657 1108 801 1188 adeptus,

132 1201 276 1264 Nomine
289 1201 472 1284 Gregorius,
484 1214 589 1283 pastor
601 1201 633 1260 in
646 1201 720 1262 urbe
731 1201 836 1286 gregis.

93 1295 232 1359 Martino
245 1297 406 1377 proprium
419 1295 512 1356 mittit
523 1295 667 1355 Julianus
679 1294 858 1374 alumnum,

132 1391 177 1452 Et
190 1391 276 1451 fratri
290 1390 404 1472 praebet
415 1391 497 1470 quod
508 1389 565 1450 sibi
579 1389 666 1451 dulce
680 1388 746 1451 luit.

93 1486 201 1566 Quem
215 1485 310 1567 patris
321 1481 440 1568 AEgidii
455 1483 580 1545 domino
592 1502 699 1544 manus
711 1482 792 1544 alma
802 1484 945 1560 sacravit,

138 1578 184 1640 Ut
196 1579 347 1661 populum
357 1590 474 1640 recreet
487 1599 584 1657 quem.
592 1577 785 1661 Radegundis
798 1591 887 1639 amet.

94 1672 183 1736 Huic
192 1672 367 1756 Sigebertus
378 1692 470 1734 ovans
483 1672 561 1733 lavet
574 1684 604 1731 et
616 1661 823 1736 Brunichildis
834 1672 967 1751 honori,

134 1768 160 1828 J
161 1769 264 1830 udicio
277 1767 353 1850 regis
364 1767 470 1828 nobile
483 1765 602 1829 culmen
617 1767 710 1828 adest.

100 1861 175 1942 Quo
188 1873 330 1945 pascente
342 1881 443 1944 greges
456 1881 512 1943 per
524 1880 633 1942 pascua
646 1873 747 1924 sancta
757 1875 917 1946 regantur,

134 1955 177 2018 Et
190 1956 378 2038 paradisiaco
390 1955 527 2039 germine
540 1955 620 2016 dona
629 1969 759 2017 metant,

95 2050 298 2114 Immaculata
311 2050 355 2131 pii
369 2051 420 2129 qni
432 2069 531 2112 serves
544 2049 635 2114 ovilia
648 2048 786 2128 Christi,

135 2146 187 2208 Ne
200 2157 322 2227 pateant
335 2144 447 2226 rapidis
460 2144 655 2206 dilacerandav
663 2144 753 2227 lupis.

96 2239 243 2324 Pervigili
258 2259 328 2302 cura
340 2237 490 2300 stabulum
502 2239 566 2300 sine
579 2238 647 2301 labe
659 2241 823 2322 gubernet,

136 2333 542 2416 Commissumquegregem·
551 2333 634 2394 nulla
646 2337 753 2416 rapina
765 2345 881 2418 gravet.¹

94 2427 218 2492 llluniat
230 2427 360 2490 inclusos
372 2427 497 2509 pretiosi
508 2426 628 2489 velleris
641 2448 733 2512 agnos
742 2472 757 2505 „

136 2523 238 2602 Atque
254 2534 431 2604 soporantes
444 2534 580 2605 protegat
591 2523 655 2604 ipse
670 2522 758 2606 vigil.v

94 2617 211 2680 Florea
224 2617 327 2679 divino
341 2618 514 2701 pinguescat
524 2618 612 2678 vinea
626 2616 729 2694 cultu,

136 2712 177 2774 Et
192 2726 310 2774 matura
323 2733 376 2774 suo
390 2713 428 2774 sit
440 2711 575 2793 speciosa
587 2712 688 2773 botro.

94 2807 259 2870 Fructibus
270 2808 388 2869 aeternis
400 2819 432 2867 ut
446 2806 599 2888 compleat
611 2805 720 2870 horrea
732 2808 820 2888 coeli,

136 2903 233 2965 Unde
248 2904 356 2964 animae
368 2902 438 2963 vivo
450 2901 533 2961 lonte
545 2899 658 2962 lluenta
670 2903 786 2964 bibant.

93 2996 222 3060 Nesitis
235 2998 382 3060 excruciet
394 2995 477 3079 digiti
489 3014 554 3073 qno
564 2993 693 3058 Lazarus
706 2999 787 3072 udo,

134 3090 248 3152 Leniat
259 3104 292 3154 ut
306 3089 479 3165 flammam,
492 3088 572 3149 serre
584 3103 702 3172 petatur
716 3107 821 3173 opem·

94 3181 158 3250 Sed
174 3186 270 3272 magis
283 3186 315 3250 in
326 3184 442 3271 gremio
454 3182 583 3248 Abrabae
596 3197 740 3252 vernante
753 3181 916 3336 locangas,

825 3298 842 3339 ι,
866 3320 881 3337 ,,
