2222 3852
148 376 207 440 232
406 391 442 444 v.
458 389 494 443 n.
515 389 766 444 uonnurmnt

195 531 234 580 11.
252 529 307 582 an
329 529 508 582 nuunnm
530 531 760 598 sueonum,
776 531 831 582 nn
851 531 988 586 emur.

145 641 307 738 Nrcm,
322 662 407 738 vina,
420 663 521 739 cibus,
537 663 644 740 vestis,
658 664 813 740 doctrina,
826 665 972 746 facultas,

186 757 366 819 Muneribus
376 756 482 838 largis,
496 769 530 816 tu
541 757 617 816 mibi
631 755 721 840 Gogo
733 771 778 818 sat
791 779 832 820 es.

144 853 193 916 Tu
206 851 315 914 refluus
330 847 460 924 Cicero,
473 861 506 910 tu
517 863 619 910 noster
631 850 758 932 Apicius
768 866 864 928 extas,

186 945 271 1006 Hinc
283 944 369 1004 satias
380 942 496 1018 verbis,
511 943 606 1024 pascis
620 955 651 1004 et
663 943 734 1004 inde
747 945 833 1013 cibis.

145 1038 207 1102 Sed
220 1039 311 1099 modo
323 1035 507 1109 deveniam,
520 1035 633 1096 bubula
643 1047 779 1118 turgente
791 1035 939 1116 quiesco,

184 1132 269 1194 Nam
281 1130 313 1189 tit
321 1128 358 1188 lis
369 1128 465 1202 uteri,
479 1127 504 1188 si
516 1147 586 1189 caro
599 1127 692 1188 mixta
701 1128 819 1200 fremat.

143 1226 208 1289 llic
218 1225 270 1286 ubi
283 1224 338 1284 bos
350 1221 489 1294 recubat,
502 1221 594 1303 fugiet
605 1233 684 1302 puto·
692 1221 792 1302 pullus
804 1235 834 1283 et
845 1240 958 1302 arrser3

186 1312 339 1380 Cornibus
349 1329 379 1377 et
391 1315 499 1397 pennis
510 1334 573 1375 non
585 1314 670 1374 furor
682 1336 783 1394 aequus
796 1316 863 1377 erit.

142 1411 186 1476 ,Er
197 1413 289 1472 modo
301 1413 361 1492 jam
374 1428 483 1470 somno
496 1408 665 1491 languentia
676 1407 792 1468 lumina
804 1409 936 1484 claudo,
1020 1461 1023 1466 .

184 1505 217 1567 N
220 1525 270 1566 am
281 1504 415 1566 dormire
428 1523 533 1565 meum
543 1501 678 1564 carmina
688 1501 755 1562 laeta
767 1503 910 1585 probant.

412 1657 471 1707 111.
494 1655 549 1706 AD
571 1651 759 1707 EUNDEM.

146 1767 247 1876 Quas
260 1784 336 1845 mibi
348 1784 481 1866 porrexit
495 1784 589 1844 modo
601 1783 710 1866 pagina
722 1784 812 1846 missa
823 1784 979 1866 querelasj

187 1879 360 1940 Immunem
374 1876 468 1959 culpae
479 1898 530 1937 me
541 1876 651 1956 loquor
664 1897 727 1938 esse
739 1890 806 1940 tuae.

148 1971 214 2036 Cur
226 1973 431 2036 causaremus?
446 1982 495 2030 tua
507 1969 578 2050 plns
588 1971 745 2051 praesentia
759 1972 853 2048 laesit,

189 2064 263 2147 Quo
276 2085 329 2127 vos
342 2064 484 2144 peccastis
498 2063 643 2138 crimine,
659 2063 766 2144 culpor
779 2085 847 2147 ego.

146 2158 222 2223 Non
235 2171 335 2220 tamen
349 2179 383 2219 cx
397 2156 448 2217 tali
461 2155 547 2216 titulo
561 2155 688 2217 dulcedo
700 2157 833 2238 peribit,

189 2251 314 2317 Fructus
325 2251 464 2314 amicitiae
477 2250 568 2312 corde
582 2248 699 2312 colente
713 2262 828 2312 manet.

327 2409 379 2462 ιν.
401 2388 607 2460 aurosum
631 2406 856 2460 ooooumu.
967 2459 976 2470 ,

149 2521 286 2608 Nonum
299 2563 386 2622 quea,
401 2540 509 2622 rapido
522 2538 669 2621 probante
683 2537 842 2618 aquilone,
856 2540 988 2621 venitis,¹

192 2635 328 2698 Pendula
340 2637 466 2719 sydereo
480 2655 545 2714 quae
557 2645 659 2694 movet
669 2653 721 2694 are
732 2646 816 2694 rota:

152 2730 256 2794 Dicite
270 2749 328 2808 qua
340 2740 454 2811 vegetet
467 2747 551 2789 carus
563 2727 636 2787 mibi
652 2725 741 2810 Gogo
755 2727 865 2804 salute,

192 2821 276 2903 Quid
292 2821 416 2903 placidis
430 2822 518 2882 rebus
532 2833 632 2882 mente
645 2841 766 2882 screnus
777 2833 852 2903 agat.

151 2915 185 2979 si
199 2937 296 2998 prope
309 2913 456 2998 fluctivagi
471 2927 638 2976 remoratur
649 2914 749 2977 littora
764 2913 885 2991 Rheni,

190 3008 238 3069 Ut
249 3010 391 3070 salmonis
404 3010 498 3090 adeps.
508 3020 573 3068 rete
584 3007 717 3068 trahatur
730 3007 824 3089 aquis.

150 3104 212 3166 Aut
222 3125 314 3186 super
327 3101 447 3164 uviferae
460 3100 596 3162 Mosellae
609 3101 783 3163 obambulet
795 3121 936 3181 amnem,

194 3193 268 3275 Quo
277 3195 351 3260 levis
363 3195 519 3261 ardentem
531 3205 680 3275 temperet
691 3213 764 3258 aura
775 3194 869 3259 diem.
