2222 3852
162 319 224 386 280
418 338 451 391 v.
473 338 507 390 rr.
535 338 785 392 rosrrmsrr

203 424 312 486 Febris
325 439 354 488 et
367 426 400 490 in
413 427 496 490 fibris
509 428 603 491 stabat
614 443 718 511 aperta
729 442 842 511 patens.

160 518 271 581 Donec
286 517 421 582 Christus
434 543 527 604 opem
539 524 648 584 sudore
659 526 790 585 undante
803 521 935 598 refuditj

203 610 352 674 Fervidus
365 629 394 676 et
404 617 514 700 gelidas
527 618 604 701 ignis
616 618 714 702 abegit
727 639 826 698 aquas.

162 704 293 768 Reddita
306 708 407 788 sicque
419 709 497 771 salus
510 724 571 786 est,
585 724 615 772 te
626 724 713 793 pater
725 713 805 774 alme
817 711 935 788 salure,

202 799 357 863 Auxilium
370 803 440 864 exili
453 805 493 866 sis
505 825 580 888 rogo
592 819 695 888 pastor
707 807 766 869 ovi.

288 957 433 1009 xl1.AD
453 957 639 1011 EUNDEM
660 958 922 1014 EPISCOPUM,

165 1065 294 1148 Rsrsrr
305 1087 364 1149 tale
377 1089 460 1150 nefas
472 1091 552 1151 intra
563 1092 614 1173 pia
625 1105 709 1174 septa
720 1093 837 1175 synaxis
846 1137 862 1170 ,

206 1179 378 1243 Inconsulte
392 1180 481 1243 dolor
491 1205 634 1266 rumpere
647 1186 739 1246 verba
751 1198 842 1248 vetasa

167 1274 268 1355 Quale
279 1297 336 1338 nec
344 1287 415 1338 nme
429 1277 552 1353 oculos,
565 1278 680 1359 patulas
692 1300 795 1359 neque
804 1279 917 1362 polluit
929 1295 1025 1352 aures,

208 1367 276 1430 Nec
290 1369 422 1430 facerent
435 1369 508 1430 vitio
521 1372 575 1451 qui
585 1391 637 1432 sua
650 1391 721 1432 serra
734 1373 847 1436 colunt.

164 1459 213 1524 Tu
224 1475 346 1538 tamen,
360 1463 439 1524 alme
451 1477 556 1545 pater,
568 1465 686 1546 pietatis
699 1486 804 1527 amore
818 1466 947 1542 labora,

208 1553 255 1614 Ur
268 1576 351 1617 sacer
364 1557 502 1632 antistes,
517 1558 649 1620 eulmina
662 1562 743 1642 cujus
754 1560 854 1622 habes.

163 1644 257 1708 Unde
268 1641 462 1731 repraesentes
475 1649 642 1713 Martinam
653 1653 685 1712 in
696 1666 836 1734 tempore
849 1671 989 1728 sacrum,

210 1741 357 1806 Cursibus
370 1757 457 1824 atque
470 1746 528 1807 fide
543 1748 643 1808 dando
656 1747 757 1808 salutis
771 1767 873 1830 opem.

425 1888 510 1941 1111.
533 1889 586 1941 ΔΙ)
598 1887 799 1942 EUNDEM.

165 1999 332 2086 Arrmsrns
345 2023 479 2106 domini,
493 2024 574 2085 bone
588 2035 708 2106 pastor,
722 2035 751 2084 et
762 2036 866 2087 auctor
877 2015 1015 2092 honoris,

206 2107 280 2178 Rite
293 2118 383 2179 decus
394 2118 527 2202 generis,
540 2139 600 2198 quo
613 2131 656 2180 est
667 2139 813 2201 generosa
826 2118 922 2195 fides,

167 2210 296 2275 Justinae
310 2212 428 2274 sanrulae
443 2212 553 2294 pietate
567 2226 723 2274 memento
735 2213 848 2288 beatae,

211 2305 273 2368 Per
286 2320 315 2368 te
328 2319 357 2368 et
367 2307 561 2373 commendes
571 2307 663 2388 stirpe
676 2306 725 2368 vel
738 2327 806 2370 arce
819 2317 917 2388 pater.

165 2400 253 2464 Hinc
264 2401 395 2464 referens
404 2414 499 2485 grates
512 2401 601 2476 aviae,
616 2401 687 2480 quia
698 2401 814 2462 reddita
824 2400 947 2461 tandem
956 2403 976 2474 ,⁶

210 2495 260 2555 Ad
272 2495 368 2556 vultus
381 2496 479 2576 neptis
492 2494 587 2557 dulcis
600 2495 698 2577 imago
709 2487 804 2556 ‘venis

168 2585 230 2652 hta
240 2589 291 2649 diu
300 2589 408 2649 nostris
418 2589 495 2651 rotis
506 2590 579 2649 dans
591 2589 712 2672 gaudia,
726 2600 845 2663 rector,

210 2682 294 2744 luter
305 2683 402 2743 aviam
415 2696 445 2743 et
458 2696 580 2765 neptem
592 2695 625 2742 tu
636 2675 785 2743 mediator
796 2697 874 2763 agas.

269 2825 350 2877 xlv.
373 2825 427 2875 AD
452 2819 957 2888 IPSUM,SALUTATOR1UM·

171 2935 273 3022 Amin
283 2957 369 3019 beate
380 2970 482 3040 pater,
497 2957 599 3018 lumen
612 2955 753 3040 generale
764 2952 912 3038 Gregori,

214 3051 237 3111 J
240 3073 293 3112 ure
307 3054 495 3116 sacerdotum
509 3051 650 3114 culminis
663 3070 731 3112 arce
744 3061 843 3130 caput.

172 3143 282 3207 Reddo
294 3144 365 3209 Deo
377 3161 472 3230 grates
484 3148 521 3209 de
534 3145 622 3212 vobis
631 3163 780 3228 prospera
792 3159 939 3218 noscens,
