2230 3838
269 365 511 420 Poenarum
533 368 661 422 ursan
686 371 741 424 111.
892 355 949 419 165

101 453 184 517 Tam
199 455 250 538 pia
264 457 368 520 divino
383 458 465 520 fonte
480 444 611 542 repletus
625 461 694 544 agis,

60 548 203 614 Candida
216 551 337 613 sincero
350 553 445 612 radiat
458 554 520 616 haec
533 554 600 614 aula
613 575 740 632 sereno,

103 643 146 704 Et
156 645 182 704 si
196 645 242 704 sol
256 645 367 728 fugiet,
383 647 431 709 hic
444 663 546 709 manet
561 663 624 709 arte
638 649 711 710 dies.

62 737 115 800 Ad
125 759 201 800 nova
213 739 329 821 templa
341 741 433 803 avidae
447 755 630 805 concurrunt
642 743 774 824 undique
788 743 908 826 plebes,

107 829 146 892 Et
159 833 266 893 tribuis
279 835 400 916 populis
413 835 479 917 plus
493 837 525 896 in
538 857 643 898 amore
657 836 770 898 Deum.

63 924 108 988 Te
118 927 257 989 solamen
270 928 359 1010 inops
372 931 497 1006 meruit,
514 944 542 992 te
556 933 652 992 nudus
666 932 825 1010 amictum,

100 1021 142 1082 Et
155 1021 238 1084 solus
253 1024 366 1086 cunctis
379 1039 468 1107 potus
482 1038 511 1086 et
525 1047 591 1088 osca
605 1047 718 1088 manes.

59 1115 148 1179 Felix
161 1119 217 1198 qui
231 1118 347 1180 meritis
360 1133 476 1180 aeteruae
491 1119 566 1182 lucis
579 1134 712 1197 amator,
762 1131 764 1136 ’

99 1210 260 1295 Tempore
272 1225 334 1274 tam
347 1214 468 1276 modico
481 1235 543 1276 non
556 1215 703 1277 moritura
716 1233 814 1297 paras.

73 1390 214 1443 XXVII.
238 1389 296 1441 AD
322 1391 557 1445 AGERICUM
582 1389 935 1446 VERIDUNENSEM

402 1482 617 1524 srtscoeun.

62 1585 206 1668 Patruus
220 1617 254 1667 ut
267 1604 378 1666 elatum
392 1605 546 1687 suspendit
560 1606 591 1665 in
605 1605 714 1672 aethera
727 1627 867 1684 currum,

104 1701 204 1762 Purus
219 1712 249 1760 et
262 1698 422 1782 igniferum
436 1700 547 1782 spargit
559 1699 669 1779 ubique
680 1700 782 1782 jubam

58 1795 177 1860 Effusis
190 1789 283 1854 radiis
296 1805 394 1853 totum
406 1794 462 1854 sibi
477 1793 614 1854 vendicat
629 1794 752 1870 orbem,

102 1889 246 1963 Montes,
260 1885 350 1967 plana
362 1884 500 1966 replens,
514 1886 575 1946 iura
587 1887 634 1948 vel
650 1886 708 1946 alta
721 1898 813 1948 tenet.

64 1981 117 2046 Sic
128 1979 241 2064 praesul
253 1977 414 2060 splendore
428 1979 522 2040 animi
536 2001 605 2041 cum
619 1978 683 2041 sole
697 1999 849 2058 corusca8‚

102 2076 160 2138 Ille
173 2074 235 2136 suis
247 2073 337 2133 radiis
349 2072 456 2156 fulget,
471 2085 501 2134 et
514 2073 578 2154 ipse
592 2074 659 2136 tuis.

61 2172 192 2257 Agerice
206 2189 290 2231 sacer
301 2168 376 2230 vivis
389 2188 531 2229 sermone
544 2168 677 2244 colente,

104 2264 251 2329 Ecclesiae
263 2275 376 2346 segetes
389 2262 542 2324 fertilitate
556 2263 685 2344 placent.

64 2358 209 2422 Terrenis
222 2357 331 2418 sterilis
345 2357 449 2432 rebus,
464 2357 590 2419 facunde
604 2355 758 2438 supernis,

106 2453 252 2515 Humana
264 2473 426 2534 spernens;
441 2451 524 2512 dives
537 2451 615 2511 iture
628 2449 718 2531 polis.

58 2547 218 2611 lllccebris
232 2547 337 2608 mundi
352 2547 481 2607 mundus
493 2545 602 2607 lasciva
615 2543 785 2624 repellens,

101 2642 161 2704 Nil
175 2643 224 2704 cui
237 2640 386 2722 subripuit
399 2640 498 2702 earnis
511 2659 629 2700 amarus
642 2658 738 2698 arnor.

57 2736 196 2799 Lubrica
209 2735 298 2816 culpa
310 2735 407 2816 perit,
426 2755 525 2814 neque
537 2753 620 2792 mors
634 2733 671 2792 de
687 2730 815 2794 crimine
828 2729 951 2814 gaudet,

103 2829 190 2890 Cum
202 2842 253 2890 tua
267 2828 382 2890 delictis
396 2828 491 2890 libera
504 2827 644 2888 membra
657 2825 748 2885 vides.

57 2925 97 2987 ln
110 2923 237 3005 templis
250 2922 412 2984 habitando
427 2922 485 3002 piis
496 2921 539 2982 sic
552 2940 646 3002 purus
658 2919 795 2993 haberis,
888 3005 890 3008 Ι

101 3017 151 3079 Ut
164 3031 215 3078 tua
230 3018 337 3088 eorda,
353 3027 457 3096 pater,
472 3015 531 3075 sint
544 3013 594 3095 pia
608 3014 722 3094 templa
735 3011 807 3074 Dei.

59 3111 158 3196 Eligit
170 3111 201 3171 in
214 3110 268 3171 tali
284 3107 419 3172 Christus
432 3130 464 3171 se
478 3129 546 3191 vase
557 3107 702 3182 recondi,

106 3205 216 3288 Quam
228 3204 285 3269 sibi
299 3204 451 3288 purgarit,
465 3203 598 3286 possidet
613 3201 677 3284 ipse
692 3202 827 3263 domum.
