2222 3852
281 361 521 420 POElllllTUll
545 361 672 416 LIBER
695 361 746 416 vt.
896 355 954 419 255

113 459 157 524 Et
169 461 295 524 llorcnte
308 462 362 524 illo
373 463 478 548 gaudia
491 461 546 521 fixa
556 474 660 522 metas.

71 556 146 619 Hoc
161 577 233 640 rogo
247 577 338 636 quam
351 557 437 618 citius
448 556 547 618 veniat
559 556 726 635 quicunque
739 555 873 636 jubetur,

113 650 167 712 Ne
180 663 282 734 gravet
294 651 370 711 ultra
382 652 498 712 animos
511 650 560 712 hic
574 670 659 710 mora
669 651 752 710 tarda
765 671 858 710 meos.

69 743 156 806 Nam
169 745 222 824 qui
233 745 368 820 festinat,
381 745 479 805 statuit
491 745 572 824 quod
587 757 667 805 certa
678 743 833 820 voluntas,

113 836 149 899 Si
162 851 268 898 votum
281 838 446 914 acceleret,
461 838 576 899 dulcius
588 857 650 898 esse
663 836 749 898 solet.

30 941 33 948 '
69 930 151 994 Illud
165 932 248 993 enim
262 932 389 993 nimium
403 953 459 1015 per
471 932 562 993 verba
575 932 728 1014 precantia
740 953 853 1013 posco,

112 1024 325 1092 Commender
337 1027 462 1086 domino
476 1038 505 1087 te
518 1039 705 1087 memorante
720 1047 799 1087 meo.

75 1118 199 1183 Actibus
213 1119 358 1181 excellens
371 1139 493 1182 maneas
504 1140 561 1200 per
572 1119 669 1181 secula
681 1119 768 1195 felix,

111 1212 155 1274 Et
170 1234 292 1275 memor
304 1214 368 1296 ipse
380 1214 443 1275 mei
457 1213 551 1276 dulcis
563 1214 660 1276 amice
673 1213 748 1274 vale.

131 1382 254 1432 XXIII.
279 1380 335 1432 An
358 1379 587 1433 PATERNUM
612 1379 696 1432 SIBI
720 1378 897 1433 AMICUM.

74 1478 232 1564 Nominis
244 1503 377 1584 auspicio
389 1504 501 1587 fulgent
513 1517 563 1565 tua
576 1505 671 1579 sacta,
686 1499 832 1580 Paterno,

113 1597 248 1658 Munere
259 1597 310 1676 qui
321 1599 448 1678 proprio
461 1611 491 1658 te
504 1599 576 1660 sacis
589 1619 651 1659 esse
665 1610 792 1678 patrem.

76 1690 199 1754 Servitii
211 1689 306 1750 nostri
319 1711 382 1751 non
395 1692 559 1752 immemor
572 1692 675 1753 omnia
687 1704 844 1772 praestans,

112 1783 156 1845 Et
167 1783 225 1844 tibi
238 1783 353 1847 devotis
364 1785 415 1845 das
427 1785 478 1865 pia
490 1798 559 1846 vota
571 1785 677 1846 libens.

71 1879 119 1940 Ilt
130 1878 214 1939 hona
224 1874 399 1952 distribuas,
412 1879 504 1938 morlo
516 1879 567 1958 qui
579 1892 640 1939 tam
650 1892 808 1960 promptus
821 1877 955 1954 haberis,

112 1969 210 2032 Unde
220 1971 315 2055 magis
327 1984 463 2053 praestes,
479 1972 699 2054 amplificentur
711 1993 793 2054 opes.

192 2123 302 2176 XXIV.
323 2123 379 2174 DE
401 2123 702 2176 JOCUNDITATE
723 2124 844 2177 VITAE.

73 2227 153 2328 Qut
166 2245 239 2329 legis
255 2246 287 2307 in
299 2247 425 2328 pulchro
439 2248 621 2310 circumdata
633 2248 723 2309 verba
734 2245 877 2321 metallo,

116 2337 155 2400 Si
167 2341 268 2402 venias
279 2362 386 2422 purus,
400 2341 458 2404 hoc
470 2341 597 2402 imitaris
609 2362 694 2423 opus.

71 2434 161 2497 Nam
170 2433 251 2495 velut
262 2446 417 2517 argentum
430 2435 526 2500 calida
536 2437 658 2497 fornace
670 2433 835 2516 probatur:

118 2525 173 2590 Sic
184 2547 214 2588 se
227 2541 352 2612 purgato
365 2541 488 2611 pectore
501 2530 604 2611 prodit
614 2529 718 2590 homo.

73 2619 144 2702 Qui
156 2621 240 2682 venis
252 2622 289 2682 ael
302 2643 387 2684 caros
401 2626 526 2686 conviva
538 2623 634 2684 fidelis
646 2623 774 2698 amicos,

119 2712 214 2794 Quod
229 2715 326 2776 minus
339 2729 382 2777 est
392 2717 506 2799 epulis,
520 2717 587 2798 plus
601 2716 631 2776 in
645 2737 749 2777 amore
761 2715 853 2797 capis.

72 2807 153 2871 Non
164 2807 227 2870 haec
238 2829 293 2890 per
305 2809 426 2894 pelagus
440 2811 613 2894 peregrinus
625 2809 730 2871 detulit
740 2810 866 2892 hospes,

119 2899 216 2964 Sume
229 2903 326 2968 libens
337 2906 428 2987 patrii
440 2908 521 2987 qnod
531 2926 660 2990 genuere
674 2903 777 2966 Lares.

74 2995 229 3078 Quamvis
240 2999 326 3062 docta
339 2999 486 3079 loquente
500 3001 577 3062 seria
590 3020 660 3062 cura
672 2999 791 3082 fatiget,

119 3089 194 3153 Huc
206 3092 329 3154 veniens
341 3093 431 3156 festos
443 3097 536 3156 misce
548 3106 637 3175 poeta
650 3096 743 3177 jocos.

75 3183 245 3252 siccamen
258 3199 291 3249 ut
304 3187 461 3270 propriam
474 3189 624 3252 rationem
636 3197 733 3251 servet
743 3185 898 3259 honestas,
