<?xml version="1.0" encoding="UTF-8"?>
<!DOCTYPE html PUBLIC "-//W3C//DTD XHTML 1.0 Transitional//EN"
    "http://www.w3.org/TR/xhtml1/DTD/xhtml1-transitional.dtd">
<html xmlns="http://www.w3.org/1999/xhtml" xml:lang="en" lang="en">
 <head>
  <title>
</title>
<meta http-equiv="Content-Type" content="text/html;charset=utf-8" />
  <meta name='ocr-system' content='tesseract 3.04.00' />
  <meta name='ocr-capabilities' content='ocr_page ocr_carea ocr_par ocr_line ocrx_word'/>
</head>
<body>
  <div class='ocr_page' id='page_1' title='image "./venantiihonorii00unkngoog_0153.png"; bbox 0 0 2230 3838; ppageno 0'>
   <div class='ocr_carea' id='block_1_1' title="bbox 275 349 945 433">
    <p class='ocr_par' dir='ltr' id='par_1_1' title="bbox 275 349 945 433">
     <span class='ocr_line' id='line_1_1' title="bbox 275 349 945 433; baseline -0.009 -18"><span class='ocrx_word' id='word_1_1' title='bbox 275 362 513 415; x_wconf 73' lang='lat' dir='ltr'><strong>rosnarum</strong></span> <span class='ocrx_word' id='word_1_2' title='bbox 538 363 666 418; x_wconf 74' lang='lat' dir='ltr'><strong>uruca</strong></span> <span class='ocrx_word' id='word_1_3' title='bbox 690 365 731 415; x_wconf 87' lang='lat' dir='ltr'><strong>rr.</strong></span> <span class='ocrx_word' id='word_1_4' title='bbox 890 349 945 433; x_wconf 80' lang='lat'><strong>137</strong></span> 
     </span>
    </p>
   </div>
   <div class='ocr_carea' id='block_1_2' title="bbox 64 452 947 2953">
    <p class='ocr_par' dir='ltr' id='par_1_2' title="bbox 103 452 623 536">
     <span class='ocr_line' id='line_1_2' title="bbox 103 452 623 536; baseline -0.002 -20"><span class='ocrx_word' id='word_1_5' title='bbox 103 453 144 516; x_wconf 83' lang='lat' dir='ltr'><strong>Et</strong></span> <span class='ocrx_word' id='word_1_6' title='bbox 154 467 205 516; x_wconf 87' lang='lat' dir='ltr'><strong>toa</strong></span> <span class='ocrx_word' id='word_1_7' title='bbox 218 473 304 514; x_wconf 88' lang='lat' dir='ltr'><strong>mors</strong></span> <span class='ocrx_word' id='word_1_8' title='bbox 317 452 363 513; x_wconf 91' lang='lat' dir='ltr'><strong>illi</strong></span> <span class='ocrx_word' id='word_1_9' title='bbox 375 453 450 514; x_wconf 92' lang='lat' dir='ltr'><strong>lucis</strong></span> <span class='ocrx_word' id='word_1_10' title='bbox 461 455 545 536; x_wconf 91' lang='lat' dir='ltr'><strong>origo</strong></span> <span class='ocrx_word' id='word_1_11' title='bbox 559 454 623 515; x_wconf 79' lang='lat' dir='ltr'><strong>fuit.</strong></span> 
     </span>
    </p>

    <p class='ocr_par' dir='ltr' id='par_1_3' title="bbox 65 546 877 723">
     <span class='ocr_line' id='line_1_3' title="bbox 65 546 877 630; baseline -0.002 -20"><span class='ocrx_word' id='word_1_12' title='bbox 65 547 205 628; x_wconf 84' lang='lat' dir='ltr'><strong>Dumque</strong></span> <span class='ocrx_word' id='word_1_13' title='bbox 219 546 380 628; x_wconf 89' lang='lat' dir='ltr'><strong>sepulchra</strong></span> <span class='ocrx_word' id='word_1_14' title='bbox 391 549 513 623; x_wconf 87' lang='lat' dir='ltr'><strong>darent,</strong></span> <span class='ocrx_word' id='word_1_15' title='bbox 528 548 608 609; x_wconf 91' lang='lat' dir='ltr'><strong>oculi</strong></span> <span class='ocrx_word' id='word_1_16' title='bbox 620 547 737 608; x_wconf 87' lang='lat' dir='ltr'><strong>rediere</strong></span> <span class='ocrx_word' id='word_1_17' title='bbox 749 547 877 630; x_wconf 86' lang='lat' dir='ltr'><strong>sepulti,</strong></span> 
     </span>
     <span class='ocr_line' id='line_1_4' title="bbox 104 639 714 723; baseline -0.002 -21"><span class='ocrx_word' id='word_1_18' title='bbox 104 639 145 702; x_wconf 88' lang='lat' dir='ltr'><strong>Et</strong></span> <span class='ocrx_word' id='word_1_19' title='bbox 156 662 252 721; x_wconf 89' lang='lat' dir='ltr'><strong>sopor</strong></span> <span class='ocrx_word' id='word_1_20' title='bbox 264 639 316 699; x_wconf 91' lang='lat' dir='ltr'><strong>illc</strong></span> <span class='ocrx_word' id='word_1_21' title='bbox 330 652 396 702; x_wconf 83' lang='lat' dir='ltr'><strong>tuus</strong></span> <span class='ocrx_word' id='word_1_22' title='bbox 407 640 487 702; x_wconf 89' lang='lat' dir='ltr'><strong>hunc</strong></span> <span class='ocrx_word' id='word_1_23' title='bbox 499 641 622 723; x_wconf 87' lang='lat' dir='ltr'><strong>vigilare</strong></span> <span class='ocrx_word' id='word_1_24' title='bbox 635 641 714 702; x_wconf 82' lang='lat' dir='ltr'><strong>lacit.</strong></span> 
     </span>
    </p>

    <p class='ocr_par' dir='ltr' id='par_1_4' title="bbox 69 732 883 911">
     <span class='ocr_line' id='line_1_5' title="bbox 69 732 883 816; baseline 0.001 -20"><span class='ocrx_word' id='word_1_25' title='bbox 69 732 145 796; x_wconf 88' lang='lat' dir='ltr'><strong>Cum</strong></span> <span class='ocrx_word' id='word_1_26' title='bbox 157 735 233 816; x_wconf 82' lang='lat' dir='ltr'><strong>sugis</strong></span> <span class='ocrx_word' id='word_1_27' title='bbox 245 753 264 793; x_wconf 90' lang='lat' dir='ltr'><strong>a</strong></span> <span class='ocrx_word' id='word_1_28' title='bbox 277 735 410 809; x_wconf 90' lang='lat' dir='ltr'><strong>mundo,</strong></span> <span class='ocrx_word' id='word_1_29' title='bbox 423 734 508 795; x_wconf 90' lang='lat' dir='ltr'><strong>datur</strong></span> <span class='ocrx_word' id='word_1_30' title='bbox 522 735 567 794; x_wconf 95' lang='lat' dir='ltr'><strong>illi</strong></span> <span class='ocrx_word' id='word_1_31' title='bbox 578 735 693 796; x_wconf 88' lang='lat' dir='ltr'><strong>lumine</strong></span> <span class='ocrx_word' id='word_1_32' title='bbox 706 736 851 814; x_wconf 89' lang='lat' dir='ltr'><strong>mundus,</strong></span> <span class='ocrx_word' id='word_1_33' title='bbox 868 746 883 770; x_wconf 74' lang='lat'><strong>‘¹</strong></span> 
     </span>
     <span class='ocr_line' id='line_1_6' title="bbox 106 827 781 911; baseline 0.004 -23"><span class='ocrx_word' id='word_1_34' title='bbox 106 827 150 888; x_wconf 88' lang='lat' dir='ltr'><strong>Te</strong></span> <span class='ocrx_word' id='word_1_35' title='bbox 162 829 319 907; x_wconf 82' lang='lat' dir='ltr'>linquente</span> <span class='ocrx_word' id='word_1_36' title='bbox 330 827 408 899; x_wconf 85' lang='lat' dir='ltr'><strong>dies,</strong></span> <span class='ocrx_word' id='word_1_37' title='bbox 423 829 502 890; x_wconf 87' lang='lat' dir='ltr'><strong>hunc</strong></span> <span class='ocrx_word' id='word_1_38' title='bbox 514 829 629 911; x_wconf 84' lang='lat' dir='ltr'><strong>fugiunt</strong></span> <span class='ocrx_word' id='word_1_39' title='bbox 641 828 781 891; x_wconf 76' lang='lat' dir='ltr'><strong>tenchrae.</strong></span> 
     </span>
    </p>

    <p class='ocr_par' dir='ltr' id='par_1_5' title="bbox 65 921 769 1096">
     <span class='ocr_line' id='line_1_7' title="bbox 65 921 769 1002; baseline -0.001 -19"><span class='ocrx_word' id='word_1_40' title='bbox 65 922 188 1002; x_wconf 82' lang='lat' dir='ltr'><strong>Antiqui</strong></span> <span class='ocrx_word' id='word_1_41' title='bbox 201 921 301 982; x_wconf 81' lang='lat' dir='ltr'><strong>vultus</strong></span> <span class='ocrx_word' id='word_1_42' title='bbox 312 921 410 982; x_wconf 89' lang='lat' dir='ltr'><strong>lucem</strong></span> <span class='ocrx_word' id='word_1_43' title='bbox 422 935 562 1002; x_wconf 75' lang='lat' dir='ltr'><strong>stupuere</strong></span> <span class='ocrx_word' id='word_1_44' title='bbox 574 923 769 999; x_wconf 87' lang='lat' dir='ltr'><strong>modernam,</strong></span> 
     </span>
     <span class='ocr_line' id='line_1_8' title="bbox 101 1015 744 1096; baseline 0 -20"><span class='ocrx_word' id='word_1_45' title='bbox 101 1015 144 1076; x_wconf 91' lang='lat' dir='ltr'><strong>Et</strong></span> <span class='ocrx_word' id='word_1_46' title='bbox 157 1016 255 1077; x_wconf 87' lang='lat' dir='ltr'><strong>reteri</strong></span> <span class='ocrx_word' id='word_1_47' title='bbox 267 1015 387 1076; x_wconf 76' lang='lat' dir='ltr'><strong>fabricae</strong></span> <span class='ocrx_word' id='word_1_48' title='bbox 402 1016 501 1096; x_wconf 90' lang='lat' dir='ltr'><strong>prima</strong></span> <span class='ocrx_word' id='word_1_49' title='bbox 513 1015 642 1077; x_wconf 85' lang='lat' dir='ltr'><strong>fenestra</strong></span> <span class='ocrx_word' id='word_1_50' title='bbox 654 1017 744 1079; x_wconf 82' lang='lat' dir='ltr'><strong>venit.</strong></span> 
     </span>
    </p>

    <p class='ocr_par' dir='ltr' id='par_1_6' title="bbox 65 1107 812 1285">
     <span class='ocr_line' id='line_1_9' title="bbox 65 1107 812 1192; baseline -0.001 -19"><span class='ocrx_word' id='word_1_51' title='bbox 65 1107 277 1192; x_wconf 84' lang='lat' dir='ltr'><strong>Compedibus</strong></span> <span class='ocrx_word' id='word_1_52' title='bbox 289 1107 394 1169; x_wconf 86' lang='lat' dir='ltr'><strong>validis</strong></span> <span class='ocrx_word' id='word_1_53' title='bbox 403 1109 479 1170; x_wconf 87' lang='lat' dir='ltr'><strong>alter</strong></span> <span class='ocrx_word' id='word_1_54' title='bbox 492 1110 675 1190; x_wconf 86' lang='lat' dir='ltr'><strong>manicisque</strong></span> <span class='ocrx_word' id='word_1_55' title='bbox 688 1109 812 1192; x_wconf 81' lang='lat' dir='ltr'><strong>ligatus:</strong></span> 
     </span>
     <span class='ocr_line' id='line_1_10' title="bbox 103 1201 792 1285; baseline 0 -23"><span class='ocrx_word' id='word_1_56' title='bbox 103 1202 150 1263; x_wconf 89' lang='lat' dir='ltr'><strong>Ut</strong></span> <span class='ocrx_word' id='word_1_57' title='bbox 162 1203 260 1285; x_wconf 83' lang='lat' dir='ltr'><strong>tetigit</strong></span> <span class='ocrx_word' id='word_1_58' title='bbox 271 1201 439 1282; x_wconf 86' lang='lat' dir='ltr'><strong>templum,</strong></span> <span class='ocrx_word' id='word_1_59' title='bbox 453 1203 550 1265; x_wconf 80' lang='lat' dir='ltr'><strong>ferrea</strong></span> <span class='ocrx_word' id='word_1_60' title='bbox 562 1202 660 1266; x_wconf 86' lang='lat' dir='ltr'><strong>vincla</strong></span> <span class='ocrx_word' id='word_1_61' title='bbox 674 1204 792 1265; x_wconf 90' lang='lat' dir='ltr'><strong>cadunt.</strong></span> 
     </span>
    </p>

    <p class='ocr_par' dir='ltr' id='par_1_7' title="bbox 65 1295 947 1471">
     <span class='ocr_line' id='line_1_11' title="bbox 65 1295 947 1380; baseline -0.001 -23"><span class='ocrx_word' id='word_1_62' title='bbox 65 1295 141 1357; x_wconf 90' lang='lat' dir='ltr'><strong>Tam</strong></span> <span class='ocrx_word' id='word_1_63' title='bbox 152 1317 242 1380; x_wconf 87' lang='lat' dir='ltr'><strong>grave</strong></span> <span class='ocrx_word' id='word_1_64' title='bbox 255 1296 454 1379; x_wconf 79' lang='lat' dir='ltr'><strong>fragmentum</strong></span> <span class='ocrx_word' id='word_1_65' title='bbox 466 1297 554 1358; x_wconf 91' lang='lat' dir='ltr'><strong>dolor</strong></span> <span class='ocrx_word' id='word_1_66' title='bbox 565 1310 609 1358; x_wconf 91' lang='lat' dir='ltr'><strong>est</strong></span> <span class='ocrx_word' id='word_1_67' title='bbox 619 1296 667 1359; x_wconf 84' lang='lat' dir='ltr'><strong>rel</strong></span> <span class='ocrx_word' id='word_1_68' title='bbox 679 1317 803 1358; x_wconf 90' lang='lat' dir='ltr'><strong>cernere</strong></span> <span class='ocrx_word' id='word_1_69' title='bbox 813 1317 947 1379; x_wconf 87' lang='lat' dir='ltr'><strong>poenam,</strong></span> 
     </span>
     <span class='ocr_line' id='line_1_12' title="bbox 105 1389 743 1471; baseline -0.002 -21"><span class='ocrx_word' id='word_1_70' title='bbox 105 1389 248 1452; x_wconf 88' lang='lat' dir='ltr'><strong>Pondera</strong></span> <span class='ocrx_word' id='word_1_71' title='bbox 262 1402 307 1450; x_wconf 90' lang='lat' dir='ltr'><strong>tot</strong></span> <span class='ocrx_word' id='word_1_72' title='bbox 320 1391 445 1450; x_wconf 89' lang='lat' dir='ltr'><strong>miseros</strong></span> <span class='ocrx_word' id='word_1_73' title='bbox 458 1390 627 1450; x_wconf 82' lang='lat' dir='ltr'><strong>sustinuisse</strong></span> <span class='ocrx_word' id='word_1_74' title='bbox 644 1391 743 1471; x_wconf 89' lang='lat' dir='ltr'><strong>pedes.</strong></span> 
     </span>
    </p>

    <p class='ocr_par' dir='ltr' id='par_1_8' title="bbox 66 1481 862 1661">
     <span class='ocr_line' id='line_1_13' title="bbox 66 1481 862 1564; baseline -0.003 -18"><span class='ocrx_word' id='word_1_75' title='bbox 66 1483 100 1546; x_wconf 87' lang='lat' dir='ltr'><strong>Si</strong></span> <span class='ocrx_word' id='word_1_76' title='bbox 112 1504 247 1547; x_wconf 86' lang='lat' dir='ltr'><strong>connexa</strong></span> <span class='ocrx_word' id='word_1_77' title='bbox 262 1484 379 1559; x_wconf 76' lang='lat' dir='ltr'><strong>forent,</strong></span> <span class='ocrx_word' id='word_1_78' title='bbox 394 1482 584 1564; x_wconf 81' lang='lat' dir='ltr'><strong>elephantem</strong></span> <span class='ocrx_word' id='word_1_79' title='bbox 594 1481 711 1544; x_wconf 86' lang='lat' dir='ltr'><strong>solvere</strong></span> <span class='ocrx_word' id='word_1_80' title='bbox 725 1496 862 1563; x_wconf 87' lang='lat' dir='ltr'><strong>possent,</strong></span> 
     </span>
     <span class='ocr_line' id='line_1_14' title="bbox 106 1577 767 1661; baseline -0.003 -23"><span class='ocrx_word' id='word_1_81' title='bbox 106 1578 175 1641; x_wconf 84' lang='lat' dir='ltr'><strong>Nec</strong></span> <span class='ocrx_word' id='word_1_82' title='bbox 187 1590 308 1661; x_wconf 88' lang='lat' dir='ltr'><strong>poterat</strong></span> <span class='ocrx_word' id='word_1_83' title='bbox 318 1577 429 1660; x_wconf 90' lang='lat' dir='ltr'><strong>rigidos</strong></span> <span class='ocrx_word' id='word_1_84' title='bbox 442 1577 507 1657; x_wconf 91' lang='lat' dir='ltr'><strong>ipse</strong></span> <span class='ocrx_word' id='word_1_85' title='bbox 518 1597 641 1638; x_wconf 88' lang='lat' dir='ltr'><strong>movere</strong></span> <span class='ocrx_word' id='word_1_86' title='bbox 652 1578 767 1658; x_wconf 88' lang='lat' dir='ltr'><strong>gradus.</strong></span> 
     </span>
    </p>

    <p class='ocr_par' dir='ltr' id='par_1_9' title="bbox 67 1670 811 1848">
     <span class='ocr_line' id='line_1_15' title="bbox 67 1670 811 1751; baseline -0.005 -17"><span class='ocrx_word' id='word_1_87' title='bbox 67 1671 139 1734; x_wconf 89' lang='lat' dir='ltr'><strong>Non</strong></span> <span class='ocrx_word' id='word_1_88' title='bbox 151 1674 254 1734; x_wconf 90' lang='lat' dir='ltr'><strong>minus</strong></span> <span class='ocrx_word' id='word_1_89' title='bbox 268 1685 310 1732; x_wconf 90' lang='lat' dir='ltr'><strong>est</strong></span> <span class='ocrx_word' id='word_1_90' title='bbox 321 1671 385 1746; x_wconf 91' lang='lat' dir='ltr'><strong>illi,</strong></span> <span class='ocrx_word' id='word_1_91' title='bbox 398 1670 446 1732; x_wconf 91' lang='lat' dir='ltr'><strong>cui</strong></span> <span class='ocrx_word' id='word_1_92' title='bbox 458 1671 647 1732; x_wconf 80' lang='lat' dir='ltr'><strong>subvertente</strong></span> <span class='ocrx_word' id='word_1_93' title='bbox 660 1670 811 1751; x_wconf 86' lang='lat' dir='ltr'><strong>procella,</strong></span> 
     </span>
     <span class='ocr_line' id='line_1_16' title="bbox 106 1764 757 1848; baseline -0.003 -22"><span class='ocrx_word' id='word_1_94' title='bbox 106 1766 276 1828; x_wconf 88' lang='lat' dir='ltr'><strong>Littoribus</strong></span> <span class='ocrx_word' id='word_1_95' title='bbox 287 1764 410 1848; x_wconf 90' lang='lat' dir='ltr'><strong>Libycis</strong></span> <span class='ocrx_word' id='word_1_96' title='bbox 425 1765 555 1826; x_wconf 80' lang='lat' dir='ltr'><strong>anchora</strong></span> <span class='ocrx_word' id='word_1_97' title='bbox 568 1765 660 1827; x_wconf 85' lang='lat' dir='ltr'><strong>fracta</strong></span> <span class='ocrx_word' id='word_1_98' title='bbox 673 1766 757 1846; x_wconf 88' lang='lat' dir='ltr'><strong>jacet.</strong></span> 
     </span>
    </p>

    <p class='ocr_par' dir='ltr' id='par_1_10' title="bbox 67 1858 895 2035">
     <span class='ocr_line' id='line_1_17' title="bbox 67 1858 895 1944; baseline 0 -24"><span class='ocrx_word' id='word_1_99' title='bbox 67 1859 159 1920; x_wconf 78' lang='lat' dir='ltr'><strong>l&#39;oena</strong></span> <span class='ocrx_word' id='word_1_100' title='bbox 171 1860 297 1939; x_wconf 87' lang='lat' dir='ltr'><strong>quidem</strong></span> <span class='ocrx_word' id='word_1_101' title='bbox 309 1859 428 1941; x_wconf 89' lang='lat' dir='ltr'><strong>gravior</strong></span> <span class='ocrx_word' id='word_1_102' title='bbox 441 1858 548 1920; x_wconf 86' lang='lat' dir='ltr'><strong>cecidit</strong></span> <span class='ocrx_word' id='word_1_103' title='bbox 561 1870 712 1920; x_wconf 88' lang='lat' dir='ltr'><strong>crescente</strong></span> <span class='ocrx_word' id='word_1_104' title='bbox 724 1859 895 1944; x_wconf 90' lang='lat' dir='ltr'><strong>triumpho,</strong></span> 
     </span>
     <span class='ocr_line' id='line_1_18' title="bbox 110 1952 743 2035; baseline 0.006 -25"><span class='ocrx_word' id='word_1_105' title='bbox 110 1953 242 2016; x_wconf 87' lang='lat' dir='ltr'><strong>Vincere</strong></span> <span class='ocrx_word' id='word_1_106' title='bbox 255 1973 319 2012; x_wconf 92' lang='lat' dir='ltr'><strong>rem</strong></span> <span class='ocrx_word' id='word_1_107' title='bbox 334 1972 441 2013; x_wconf 86' lang='lat' dir='ltr'><strong>saevam</strong></span> <span class='ocrx_word' id='word_1_108' title='bbox 453 1952 547 2035; x_wconf 89' lang='lat' dir='ltr'><strong>gloria</strong></span> <span class='ocrx_word' id='word_1_109' title='bbox 560 1954 659 2035; x_wconf 88' lang='lat' dir='ltr'><strong>major</strong></span> <span class='ocrx_word' id='word_1_110' title='bbox 672 1965 743 2014; x_wconf 89' lang='lat' dir='ltr'><strong>erat.</strong></span> 
     </span>
    </p>

    <p class='ocr_par' dir='ltr' id='par_1_11' title="bbox 69 2045 803 2222">
     <span class='ocr_line' id='line_1_19' title="bbox 69 2045 803 2131; baseline 0.004 -25"><span class='ocrx_word' id='word_1_111' title='bbox 69 2046 101 2106; x_wconf 85' lang='lat' dir='ltr'>N</span> <span class='ocrx_word' id='word_1_112' title='bbox 104 2068 140 2107; x_wconf 91' lang='lat' dir='ltr'><strong>on</strong></span> <span class='ocrx_word' id='word_1_113' title='bbox 152 2047 260 2108; x_wconf 86' lang='lat' dir='ltr'><strong>habuit</strong></span> <span class='ocrx_word' id='word_1_114' title='bbox 272 2059 315 2108; x_wconf 86' lang='lat' dir='ltr'><strong>tot</strong></span> <span class='ocrx_word' id='word_1_115' title='bbox 327 2045 423 2108; x_wconf 89' lang='lat' dir='ltr'><strong>vincla</strong></span> <span class='ocrx_word' id='word_1_116' title='bbox 437 2047 500 2128; x_wconf 90' lang='lat' dir='ltr'><strong>pati</strong></span> <span class='ocrx_word' id='word_1_117' title='bbox 512 2046 604 2108; x_wconf 83' lang='lat' dir='ltr'><strong>miser</strong></span> <span class='ocrx_word' id='word_1_118' title='bbox 617 2045 669 2108; x_wconf 91' lang='lat' dir='ltr'><strong>ille</strong></span> <span class='ocrx_word' id='word_1_119' title='bbox 682 2047 803 2131; x_wconf 87' lang='lat' dir='ltr'><strong>ligatus,</strong></span> 
     </span>
     <span class='ocr_line' id='line_1_20' title="bbox 107 2139 767 2222; baseline 0.002 -22"><span class='ocrx_word' id='word_1_120' title='bbox 107 2139 169 2202; x_wconf 89' lang='lat' dir='ltr'><strong>Sed</strong></span> <span class='ocrx_word' id='word_1_121' title='bbox 183 2155 235 2202; x_wconf 89' lang='lat' dir='ltr'><strong>tua</strong></span> <span class='ocrx_word' id='word_1_122' title='bbox 246 2161 306 2220; x_wconf 93' lang='lat' dir='ltr'><strong>quo</strong></span> <span class='ocrx_word' id='word_1_123' title='bbox 320 2140 412 2201; x_wconf 91' lang='lat' dir='ltr'><strong>virtus</strong></span> <span class='ocrx_word' id='word_1_124' title='bbox 424 2139 492 2221; x_wconf 92' lang='lat' dir='ltr'><strong>plus</strong></span> <span class='ocrx_word' id='word_1_125' title='bbox 503 2153 670 2201; x_wconf 83' lang='lat' dir='ltr'><strong>mereretur</strong></span> <span class='ocrx_word' id='word_1_126' title='bbox 682 2161 767 2222; x_wconf 69' lang='lat' dir='ltr'><strong>opus,</strong></span> 
     </span>
    </p>

    <p class='ocr_par' dir='ltr' id='par_1_12' title="bbox 69 2231 819 2407">
     <span class='ocr_line' id='line_1_21' title="bbox 69 2231 819 2316; baseline -0.004 -19"><span class='ocrx_word' id='word_1_127' title='bbox 69 2233 147 2297; x_wconf 89' lang='lat' dir='ltr'><strong>Cum</strong></span> <span class='ocrx_word' id='word_1_128' title='bbox 160 2234 378 2310; x_wconf 78' lang='lat' dir='ltr'><strong>solidarentur,</strong></span> <span class='ocrx_word' id='word_1_129' title='bbox 390 2253 454 2293; x_wconf 91' lang='lat' dir='ltr'><strong>non</strong></span> <span class='ocrx_word' id='word_1_130' title='bbox 466 2231 509 2294; x_wconf 92' lang='lat' dir='ltr'><strong>sic</strong></span> <span class='ocrx_word' id='word_1_131' title='bbox 522 2245 676 2316; x_wconf 88' lang='lat' dir='ltr'><strong>strepuere</strong></span> <span class='ocrx_word' id='word_1_132' title='bbox 690 2247 819 2311; x_wconf 84' lang='lat' dir='ltr'><strong>catenae,</strong></span> 
     </span>
     <span class='ocr_line' id='line_1_22' title="bbox 108 2325 724 2407; baseline 0 -18"><span class='ocrx_word' id='word_1_133' title='bbox 108 2325 174 2390; x_wconf 88' lang='lat' dir='ltr'><strong>Cen</strong></span> <span class='ocrx_word' id='word_1_134' title='bbox 186 2329 390 2403; x_wconf 87' lang='lat' dir='ltr'><strong>tinniverunt,</strong></span> <span class='ocrx_word' id='word_1_135' title='bbox 403 2346 472 2388; x_wconf 92' lang='lat' dir='ltr'><strong>cum</strong></span> <span class='ocrx_word' id='word_1_136' title='bbox 486 2346 630 2407; x_wconf 87' lang='lat' dir='ltr'><strong>crepuere</strong></span> <span class='ocrx_word' id='word_1_137' title='bbox 643 2327 724 2389; x_wconf 81' lang='lat' dir='ltr'><strong>serae.</strong></span> 
     </span>
    </p>

    <p class='ocr_par' dir='ltr' id='par_1_13' title="bbox 70 2419 839 2594">
     <span class='ocr_line' id='line_1_23' title="bbox 70 2419 839 2501; baseline -0.003 -19"><span class='ocrx_word' id='word_1_138' title='bbox 70 2419 147 2501; x_wconf 84' lang='lat' dir='ltr'><strong>Quae</strong></span> <span class='ocrx_word' id='word_1_139' title='bbox 158 2422 216 2483; x_wconf 84' lang='lat' dir='ltr'><strong>fuit</strong></span> <span class='ocrx_word' id='word_1_140' title='bbox 229 2421 282 2480; x_wconf 88' lang='lat' dir='ltr'><strong>illa</strong></span> <span class='ocrx_word' id='word_1_141' title='bbox 295 2420 379 2501; x_wconf 91' lang='lat' dir='ltr'><strong>prius</strong></span> <span class='ocrx_word' id='word_1_142' title='bbox 391 2419 494 2480; x_wconf 91' lang='lat' dir='ltr'><strong>nimiis</strong></span> <span class='ocrx_word' id='word_1_143' title='bbox 507 2420 585 2481; x_wconf 88' lang='lat' dir='ltr'><strong>male</strong></span> <span class='ocrx_word' id='word_1_144' title='bbox 600 2422 699 2482; x_wconf 89' lang='lat' dir='ltr'><strong>vincta</strong></span> <span class='ocrx_word' id='word_1_145' title='bbox 711 2419 839 2499; x_wconf 85' lang='lat' dir='ltr'><strong>eatenis,</strong></span> 
     </span>
     <span class='ocr_line' id='line_1_24' title="bbox 107 2514 742 2594; baseline -0.002 -18"><span class='ocrx_word' id='word_1_146' title='bbox 107 2516 182 2576; x_wconf 90' lang='lat' dir='ltr'><strong>Jam</strong></span> <span class='ocrx_word' id='word_1_147' title='bbox 198 2515 254 2575; x_wconf 91' lang='lat' dir='ltr'><strong>tibi</strong></span> <span class='ocrx_word' id='word_1_148' title='bbox 268 2515 320 2594; x_wconf 90' lang='lat' dir='ltr'><strong>qui</strong></span> <span class='ocrx_word' id='word_1_149' title='bbox 330 2515 420 2577; x_wconf 86' lang='lat' dir='ltr'><strong>solvis</strong></span> <span class='ocrx_word' id='word_1_150' title='bbox 432 2514 528 2574; x_wconf 89' lang='lat' dir='ltr'><strong>libera</strong></span> <span class='ocrx_word' id='word_1_151' title='bbox 541 2516 642 2575; x_wconf 86' lang='lat' dir='ltr'><strong>dextra</strong></span> <span class='ocrx_word' id='word_1_152' title='bbox 654 2516 742 2577; x_wconf 84' lang='lat' dir='ltr'><strong>lavet.</strong></span> 
     </span>
    </p>

    <p class='ocr_par' dir='ltr' id='par_1_14' title="bbox 68 2607 827 2784">
     <span class='ocr_line' id='line_1_25' title="bbox 68 2607 827 2692; baseline 0.003 -24"><span class='ocrx_word' id='word_1_153' title='bbox 68 2608 180 2692; x_wconf 81' lang='lat' dir='ltr'><strong>Lignea</strong></span> <span class='ocrx_word' id='word_1_154' title='bbox 192 2608 292 2670; x_wconf 82' lang='lat' dir='ltr'><strong>vincla</strong></span> <span class='ocrx_word' id='word_1_155' title='bbox 304 2629 409 2691; x_wconf 87' lang='lat' dir='ltr'><strong>gerens</strong></span> <span class='ocrx_word' id='word_1_156' title='bbox 422 2608 497 2669; x_wconf 86' lang='lat' dir='ltr'><strong>alter</strong></span> <span class='ocrx_word' id='word_1_157' title='bbox 510 2609 642 2691; x_wconf 82' lang='lat' dir='ltr'><strong>confugit</strong></span> <span class='ocrx_word' id='word_1_158' title='bbox 655 2611 692 2670; x_wconf 92' lang='lat' dir='ltr'><strong>ad</strong></span> <span class='ocrx_word' id='word_1_159' title='bbox 707 2607 827 2687; x_wconf 89' lang='lat' dir='ltr'><strong>aulam,</strong></span> 
     </span>
     <span class='ocr_line' id='line_1_26' title="bbox 109 2702 787 2784; baseline 0.003 -21"><span class='ocrx_word' id='word_1_160' title='bbox 109 2703 189 2783; x_wconf 84' lang='lat' dir='ltr'><strong>Quae</strong></span> <span class='ocrx_word' id='word_1_161' title='bbox 204 2702 298 2762; x_wconf 89' lang='lat' dir='ltr'><strong>simili</strong></span> <span class='ocrx_word' id='word_1_162' title='bbox 310 2703 420 2764; x_wconf 89' lang='lat' dir='ltr'><strong>merito</strong></span> <span class='ocrx_word' id='word_1_163' title='bbox 433 2703 522 2764; x_wconf 89' lang='lat' dir='ltr'><strong>scissa</strong></span> <span class='ocrx_word' id='word_1_164' title='bbox 532 2716 657 2784; x_wconf 87' lang='lat' dir='ltr'><strong>repente</strong></span> <span class='ocrx_word' id='word_1_165' title='bbox 670 2705 787 2766; x_wconf 87' lang='lat' dir='ltr'><strong>cadunt.</strong></span> 
     </span>
    </p>

    <p class='ocr_par' dir='ltr' id='par_1_15' title="bbox 64 2795 803 2953">
     <span class='ocr_line' id='line_1_27' title="bbox 64 2795 803 2881; baseline 0.001 -23"><span class='ocrx_word' id='word_1_166' title='bbox 64 2795 134 2858; x_wconf 86' lang='lat' dir='ltr'><strong>Nec</strong></span> <span class='ocrx_word' id='word_1_167' title='bbox 145 2814 236 2856; x_wconf 89' lang='lat' dir='ltr'><strong>mora</strong></span> <span class='ocrx_word' id='word_1_168' title='bbox 248 2819 256 2855; x_wconf 73' lang='grc' dir='ltr'><strong>ε</strong></span> <span class='ocrx_word' id='word_1_169' title='bbox 271 2796 318 2858; x_wconf 84' lang='lat' dir='ltr'><strong>vix</strong></span> <span class='ocrx_word' id='word_1_170' title='bbox 329 2797 424 2880; x_wconf 87' lang='lat' dir='ltr'><strong>tetigit</strong></span> <span class='ocrx_word' id='word_1_171' title='bbox 436 2797 542 2858; x_wconf 86' lang='lat' dir='ltr'><strong>sacrati</strong></span> <span class='ocrx_word' id='word_1_172' title='bbox 555 2797 661 2858; x_wconf 89' lang='lat' dir='ltr'><strong>limina</strong></span> <span class='ocrx_word' id='word_1_173' title='bbox 674 2798 803 2881; x_wconf 88' lang='lat' dir='ltr'><strong>templi,</strong></span> 
     </span>
     <span class='ocr_line' id='line_1_28' title="bbox 104 2888 705 2953; baseline 0.005 -3"><span class='ocrx_word' id='word_1_174' title='bbox 104 2888 161 2950; x_wconf 84' lang='lat' dir='ltr'><strong>Fit</strong></span> <span class='ocrx_word' id='word_1_175' title='bbox 170 2889 301 2950; x_wconf 88' lang='lat' dir='ltr'><strong>tonitrus</strong></span> <span class='ocrx_word' id='word_1_176' title='bbox 313 2889 395 2952; x_wconf 86' lang='lat' dir='ltr'><strong>coelis</strong></span> <span class='ocrx_word' id='word_1_177' title='bbox 405 2909 489 2950; x_wconf 88' lang='lat' dir='ltr'><strong>arma</strong></span> <span class='ocrx_word' id='word_1_178' title='bbox 499 2889 625 2950; x_wconf 87' lang='lat' dir='ltr'><strong>serendo</strong></span> <span class='ocrx_word' id='word_1_179' title='bbox 639 2892 705 2953; x_wconf 91' lang='lat' dir='ltr'><strong>tibi.</strong></span> 
     </span>
    </p>
   </div>
   <div class='ocr_carea' id='block_1_3' title="bbox 65 2981 746 3160">
    <p class='ocr_par' dir='ltr' id='par_1_16' title="bbox 65 2981 746 3160">
     <span class='ocr_line' id='line_1_29' title="bbox 65 2981 746 3070; baseline 0.004 -27"><span class='ocrx_word' id='word_1_180' title='bbox 65 2981 207 3044; x_wconf 83' lang='lat' dir='ltr'><strong>Grandia</strong></span> <span class='ocrx_word' id='word_1_181' title='bbox 219 2982 305 3043; x_wconf 87' lang='lat' dir='ltr'><strong>divisi</strong></span> <span class='ocrx_word' id='word_1_182' title='bbox 320 2984 491 3046; x_wconf 87' lang='lat' dir='ltr'><strong>ceciderunt</strong></span> <span class='ocrx_word' id='word_1_183' title='bbox 503 2987 639 3066; x_wconf 90' lang='lat' dir='ltr'><strong>pondera</strong></span> <span class='ocrx_word' id='word_1_184' title='bbox 651 2985 723 3070; x_wconf 90' lang='lat' dir='ltr'><strong>ligni</strong></span> <span class='ocrx_word' id='word_1_185' title='bbox 735 3031 746 3062; x_wconf 95' lang='lat'><strong>,</strong></span> 
     </span>
     <span class='ocr_line' id='line_1_30' title="bbox 105 3075 738 3160; baseline 0.008 -24"><span class='ocrx_word' id='word_1_186' title='bbox 105 3075 151 3136; x_wconf 85' lang='lat' dir='ltr'><strong>Et</strong></span> <span class='ocrx_word' id='word_1_187' title='bbox 160 3077 214 3157; x_wconf 91' lang='lat' dir='ltr'><strong>qui</strong></span> <span class='ocrx_word' id='word_1_188' title='bbox 226 3077 314 3160; x_wconf 91' lang='lat' dir='ltr'><strong>gessit</strong></span> <span class='ocrx_word' id='word_1_189' title='bbox 326 3098 417 3152; x_wconf 89' lang='lat' dir='ltr'><strong>onus,</strong></span> <span class='ocrx_word' id='word_1_190' title='bbox 433 3079 546 3140; x_wconf 89' lang='lat' dir='ltr'><strong>corruit</strong></span> <span class='ocrx_word' id='word_1_191' title='bbox 559 3079 624 3160; x_wconf 90' lang='lat' dir='ltr'><strong>ipse</strong></span> <span class='ocrx_word' id='word_1_192' title='bbox 637 3080 738 3142; x_wconf 88' lang='lat' dir='ltr'><strong>simul.</strong></span> 
     </span>
    </p>
   </div>
   <div class='ocr_carea' id='block_1_4' title="bbox 63 3169 809 3326">
    <p class='ocr_par' dir='ltr' id='par_1_17' title="bbox 63 3169 809 3326">
     <span class='ocr_line' id='line_1_31' title="bbox 63 3169 664 3258; baseline 0.007 -25"><span class='ocrx_word' id='word_1_193' title='bbox 63 3169 197 3256; x_wconf 69' lang='lat' dir='ltr'><strong>anavic</strong></span> <span class='ocrx_word' id='word_1_194' title='bbox 208 3171 308 3236; x_wconf 84' lang='lat' dir='ltr'><strong>subito</strong></span> <span class='ocrx_word' id='word_1_195' title='bbox 322 3174 359 3240; x_wconf 88' lang='lat' dir='ltr'><strong>de</strong></span> <span class='ocrx_word' id='word_1_196' title='bbox 372 3173 510 3238; x_wconf 87' lang='lat' dir='ltr'><strong>libertate</strong></span> <span class='ocrx_word' id='word_1_197' title='bbox 524 3189 664 3258; x_wconf 88' lang='lat' dir='ltr'><strong>recepta,</strong></span> 
     </span>
     <span class='ocr_line' id='line_1_32' title="bbox 764 3288 809 3326; baseline -0.044 0"><span class='ocrx_word' id='word_1_198' title='bbox 764 3288 776 3326; x_wconf 85' lang='lat'>1</span> <span class='ocrx_word' id='word_1_199' title='bbox 784 3289 809 3326; x_wconf 82' lang='lat'><strong>2.</strong></span> 
     </span>
    </p>
   </div>
   <div class='ocr_carea' id='block_1_5' title="bbox 0 0 1134 3838">
    <p class='ocr_par' dir='ltr' id='par_1_18' title="bbox 0 0 1134 3838">
     <span class='ocr_line' id='line_1_33' title="bbox 0 0 1134 3838; baseline 0 0"><span class='ocrx_word' id='word_1_200' title='bbox 0 0 1134 3838; x_wconf 95' lang='lat' dir='ltr'><strong> </strong></span> 
     </span>
    </p>
   </div>
  </div>
 </body>
</html>
