2218 3862
257 309 501 365 POEMATUM
521 311 646 366 arnon
661 312 750 366 rur.
887 322 946 387 ²99

150 404 237 468 Adde
250 406 402 470 Justinam
414 411 528 492 pariter
537 424 731 492 precantem,

149 496 274 581 Nempe
284 505 498 564 commendans
509 503 652 564 famulam
664 502 883 587 propinquam,

150 589 191 654 Et
204 593 283 657 refer
296 610 439 675 quantum
452 598 509 658 sibi
523 618 591 660 cara
603 597 717 679 profert

276 687 388 771 Neptis
400 691 561 753 bonorem.
597 704 601 710 ’

153 776 230 842 Haec
241 779 297 842 tihi
309 797 467 865 promptus
479 806 585 867 prece,
597 805 689 862 voce,
704 798 821 864 mente,

154 869 247 935 Solvo
260 874 307 934 vix
321 875 451 956 implens
464 898 519 960 ego
533 899 648 960 pauper
659 891 738 956 arte,

155 963 216 1028 Sed
227 981 328 1030 tamen
339 969 422 1053 largo
433 970 562 1033 refluens
575 991 696 1049 amore,

278 1059 358 1124 Care
374 1063 515 1147 Gregori.

133 1213 221 1266 v111.
241 1213 297 1265 nl)
320 1213 617 1268 BAUDOALDUM
640 1215 892 1270 EnlscoPUM.

73 1318 201 1402 Sumus
213 1340 402 1401 sacerdotum
413 1340 556 1401 bonilatis
570 1339 674 1420 opima
685 1338 824 1415 facultas,

115 1421 249 1496 Colmssr
259 1433 375 1494 honore
386 1447 456 1509 tuo,
470 1432 575 1494 lumen
586 1452 690 1492 amore
704 1454 783 1494 meo.

74 1524 198 1589 Officiis
211 1527 380 1587 venerande
392 1527 500 1601 saeris,
517 1526 636 1609 pietatis
648 1525 786 1602 alumne,

115 1619 247 1704 Pignore
261 1620 400 1682 amicitiae
412 1621 502 1682 corde
515 1619 643 1681 tenende
657 1639 742 1694 meo,

73 1713 206 1775 Florens
218 1714 250 1774 in
263 1714 382 1790 studiis,
397 1727 427 1774 et
438 1733 520 1776 sacra
534 1715 566 1773 in
580 1713 643 1797 iege
659 1713 771 1790 fidelis,

119 1805 250 1889 Semper
260 1827 348 1891 agens
361 1808 468 1869 anirnae
481 1808 560 1867 dona
571 1807 669 1868 futura
678 1820 746 1868 tuae.

75 1901 123 1964 Te
136 1911 221 1982 pater
235 1922 304 1984 ergo
318 1921 443 1982 precans
455 1914 585 1976 terram,
600 1901 690 1977 freta,
706 1901 811 1985 sydera
823 1912 932 1980 testor,

118 1995 165 2056 Ut
176 1994 249 2057 velis
261 2015 314 2056 ore
326 2015 409 2058 sacro
424 2015 474 2056 me
488 2014 670 2056 memorasse
685 2007 778 2056 tunm.

79 2148 123 2200 IX.
135 2147 186 2198 AD
202 2103 381 2200 smonuiM
392 2145 599 2199 EPISGOPUM
610 2141 956 2198 MOGUNTIACENSEM·

11 2317 18 2340 .
80 2263 235 2346 Renum
249 2302 287 2342 ne
300 2281 401 2342 doleas
413 2281 483 2342 felix
497 2279 655 2363 Mogontia
668 2298 769 2353 casus,

120 2377 251 2437 Antisres
264 2375 352 2434 rediit
365 2376 416 2455 qui
426 2375 482 2436 tibi
494 2375 586 2434 ferret
598 2392 699 2453 opem.

80 2469 131 2532 Ne
144 2489 272 2530 moerore
283 2470 363 2552 gravi
377 2469 544 2553 lacrymans
556 2466 658 2526 orbata
674 2467 802 2544 jaceres,

124 2562 215 2625 Hunc
227 2565 319 2646 gaude
333 2563 417 2643 pulsa
429 2575 459 2622 te
470 2559 613 2621 meruisse
627 2559 716 2617 fame.

82 2655 213 2739 Porrigit
225 2677 294 2719 ecce
308 2677 430 2716 manum
443 2656 561 2738 genitor
573 2651 714 2713 Sidonius
727 2648 813 2727 urbi,

11 2739 13 2760 '
124 2747 197 2830 Quo
212 2763 371 2811 renovante
385 2750 485 2812 iocum
500 2748 598 2829 prisea
611 2745 696 2805 ruina
710 2744 793 2824 petit.

82 2843 159 2904 Jura
168 2843 326 2906 sacerdotii
339 2843 458 2924 placido
472 2838 679 2902 moderamine
692 2857 827 2912 servans,

125 2935 185 2997 Per
197 2938 279 3019 cujus
291 2937 421 2998 studium
434 2935 527 2997 crevit
537 2947 569 2996 et
580 2932 644 3013 ipse
657 2932 773 3014 gradus.

82 3030 216 3092 Parturis
229 3031 342 3091 assidue
354 3030 491 3114 gravidos
504 3047 560 3108 per
572 3024 670 3088 secula
683 3024 809 3097 fructos,

125 3123 274 3205 Quamvis
285 3123 452 3208 apostolico
464 3125 581 3206 junctus
591 3136 696 3182 amore
710 3113 797 3198 regis.
