2218 3862
196 357 255 418 ²9²
458 341 491 392 V.
508 342 543 392 ll.
559 341 807 395 FORTUNATI

237 438 318 501 Cum
330 439 412 521 jubet
424 437 495 499 hinc
508 439 585 498 imus
598 438 649 517 qui
662 459 763 500 sumus
774 442 836 522 ejus
848 460 928 522 opus.

195 531 229 594 Si
242 533 352 608 libeat,
365 543 500 606 montes,
515 532 607 607 freta,
620 533 742 614 sydera,
755 547 848 594 mutat
861 535 891 594 in
903 535 987 610 hora,

237 625 297 689 Cui
308 645 359 686 sua
372 625 449 686 lacta
459 624 575 699 lavent,
587 626 660 704 quid
671 625 766 687 homo
779 627 877 687 sumus
886 627 958 710 agit?

193 721 260 782 Rex
271 741 381 802 precor
390 739 461 802 ergo
474 732 582 799 potens
594 739 646 802 age
659 722 741 800 quod
752 722 807 782 tihi
819 721 942 782 maxime
953 717 1044 802 prosit,

235 812 330 893 Quod
342 815 464 894 prodest
478 813 585 872 animae
595 835 664 874 enm
677 815 795 874 deitatis
807 836 877 897 ope.

194 907 269 970 Esto
284 908 370 969 virile
382 908 489 982 decus,
503 908 652 987 patienter
659 908 745 968 vince
759 909 895 986 dolores,

236 1002 329 1079 Quod
341 1022 403 1062 non
413 1001 537 1076 vitatur,
548 1001 598 1062 v'el
606 1000 751 1062 toleretur
761 997 848 1064 onus.

194 1097 289 1176 Quod
301 1096 445 1156 trahimus
456 1097 607 1157 nascendo
618 1096 682 1156 sine
692 1095 753 1158 hoe
764 1117 826 1157 uun
838 1097 967 1181 transigit
977 1093 1045 1169 ullus,

236 1189 330 1268 Quod
342 1209 432 1250 nemo
446 1190 584 1250 immutat
595 1189 644 1250 vel
657 1189 774 1250 ratione
788 1191 877 1251 lerat.

194 1281 360 1346 Consuleas
372 1282 503 1342 dominae
513 1283 623 1364 regina
636 1294 665 1342 et
678 1285 805 1343 amantis
816 1297 938 1359 amatae,

235 1375 313 1458 Quae
324 1377 404 1437 bona
418 1389 524 1437 cuneta
536 1376 616 1456 capit
628 1388 659 1436 te
671 1375 804 1437 sociante
815 1378 889 1439 sibi.

192 1469 334 1532 Materno
348 1470 456 1531 ellectu
468 1469 587 1550 plaeare
599 1469 701 1550 jubeto
715 1469 890 1548 dolentem,

232 1564 303 1626 Nee
312 1563 401 1624 simul
413 1563 477 1644 ipse
489 1561 577 1638 fleas,
592 1583 649 1623 nec
661 1562 826 1646 lacrymare
840 1564 930 1626 sinas.

191 1657 238 1719 Te
250 1671 391 1740 regnante
405 1657 470 1717 viro
480 1657 597 1716 tristem
609 1655 693 1716 illam
704 1677 767 1717 non
780 1659 869 1720 decet
882 1678 959 1733 esse,

233 1747 295 1810 Sed
306 1751 399 1832 magis
412 1771 448 1808 ex
457 1761 556 1810 vestro
567 1751 691 1832 gandeat
701 1749 761 1811 alta
772 1751 895 1813 throno.

191 1843 353 1924 Deprecor
360 1843 419 1905 boc
427 1843 517 1904 etiam
526 1843 618 1903 vitam
627 1843 759 1924 amplam
770 1846 906 1930 conjugis
912 1855 1015 1926 optant,

233 1935 399 2003 Consuleas
410 1936 532 2020 genitae,
547 1936 700 1998 eonsuleas
713 1937 826 2016 patriae.

125 2053 131 2066 ·
190 2029 273 2091 Talis
285 2030 341 2090 erit
353 2029 501 2111 populus,
515 2029 636 2109 qualem
648 2041 678 2089 te
690 2029 798 2090 viderit
811 2030 928 2105 omnis,

231 2121 341 2202 Deque
352 2135 403 2182 tua
414 2122 489 2183 facie
501 2122 589 2203 plebs
601 2141 652 2183 sua
664 2134 734 2183 vota
744 2123 839 2182 metit.

189 2217 333 2296 Denique
346 2216 410 2277 Job
423 2227 508 2276 natos
518 2227 636 2297 septem
650 2235 710 2274 uno
723 2215 805 2275 triste
817 2215 874 2276 sub
886 2215 958 2288 ictu,

231 2309 398 2384 Amittens,
413 2308 514 2369 laudes
527 2309 640 2368 rettulit
653 2328 706 2368 ore
719 2307 800 2369 Deo.

188 2403 290 2464 David
302 2404 546 2486 psalmographus
558 2403 692 2485 genitum
703 2421 773 2463 eum
785 2402 884 2461 amisit
897 2410 1029 2470 amatum,

232 2495 307 2556 Mox
318 2495 432 2557 tumulo
443 2497 559 2577 posuit,
571 2497 697 2578 prandia
708 2495 782 2556 festa
793 2496 884 2556 dedit.

189 2589 319 2654 Femina
330 2591 376 2650 bis
387 2589 456 2650 lelix
467 2590 518 2670 pia
530 2605 627 2651 mater
638 2587 902 2664 Machabaeorum,

231 2682 328 2742 Natos
339 2696 454 2762 septem
469 2703 529 2743 uno
543 2683 647 2744 sunere
660 2682 726 2744 laeta
737 2681 819 2754 tulit3

189 2773 337 2856 Prompta
347 2778 474 2851 addens,
486 2777 612 2838 domino
624 2798 745 2858 semper
757 2777 814 2837 tibi
824 2776 936 2860 gloria,
948 2779 1044 2838 rector,

232 2867 312 2932 Cum
323 2871 368 2932 vis
377 2891 493 2931 summe
504 2883 590 2951 pater
603 2873 728 2954 pignora
740 2870 872 2951 quisquis
883 2870 978 2930 hahet.

193 2963 282 3026 Unde
296 2963 366 3025 Deo
378 2965 478 3045 potius
490 2966 634 3026 referatur
647 2966 740 3048 gratia
750 2977 873 3039 nostro,

210 3085 213 3092 ·
231 3058 379 3120 Germiue
393 3061 430 3120 de
443 3072 540 3120 vestro
554 3061 605 3138 qui
618 3060 688 3121 lacit
700 3060 744 3120 ire
757 3059 841 3139 polo.

189 3149 282 3233 Eligit
295 3165 323 3212 et
333 3173 466 3234 gemm
477 3153 514 3214 de
527 3154 632 3214 muudi
643 3165 775 3215 stercore
788 3151 940 3234 pulchras,
