2230 3838
262 337 499 392 rosnarum
521 338 714 396 aronam.
882 348 939 414 ¹79

89 427 133 492 Et
143 428 213 513 plus
225 427 281 491 iste
293 429 384 506 Deo,
399 451 489 510 quam
500 431 558 492 sibi
571 432 643 494 vixit
654 432 760 493 homo.

47 524 166 591 Cordis
179 526 211 586 in
222 525 363 607 amplexu
375 526 525 602 retinens,
540 539 570 587 et
580 539 704 608 pectore
715 526 855 609 plebem,

91 621 225 684 Diceret
236 633 269 682 ut
281 621 430 703 populum
442 642 475 682 se
486 641 641 704 generasse
653 633 781 703 patrem.

47 715 198 796 Namque
210 736 282 798 suos
294 716 373 778 cives
386 715 504 798 placida
516 716 559 778 sic
577 736 652 778 voce
664 717 826 794 monebat,

96 809 267 872 Testareris
281 823 314 870 ut
324 810 405 872 bunc
415 811 454 870 ad
466 830 518 872 sua
530 811 669 872 membra
681 809 775 891 loqui.

53 905 181 990 Ingenio
194 905 339 988 vigilans,
352 905 434 967 (lives
448 926 567 986 quoque
581 905 718 988 dogmate
734 903 867 984 Christi,
882 943 885 950 ,

94 1000 136 1062 Et
149 1000 265 1062 meruit
275 1001 372 1060 studio
385 999 586 1082 multiplicare
599 1001 735 1083 gadum.

54 1095 186 1180 largior
196 1095 231 1155 in
243 1095 332 1156 donis
345 1096 450 1156 absens
460 1094 521 1156 sibi
533 1094 628 1176 junxit
639 1107 790 1173 amantes,

99 1191 141 1252 Et
154 1210 216 1271 quo
230 1210 294 1251 nou
305 1190 401 1252 luerat
414 1209 540 1250 munere
551 1201 640 1249 notos
653 1201 726 1250 erat.

60 1283 255 1367 Principibus
265 1304 368 1360 carus,
382 1285 529 1367 hujusque
541 1302 629 1344 amor
641 1283 746 1346 unicus
759 1281 859 1360 urbis,

97 1378 259 1440 festinans
271 1379 380 1439 animis
391 1378 533 1439 omnibus
546 1397 609 1438 osse
622 1396 747 1457 pareus.¹

56 1471 168 1535 Lustra
180 1461 439 1554 decempollens,
450 1483 567 1552 septem
581 1490 701 1551 quoque
714 1471 785 1532 vixit
795 1469 828 1532 in
839 1488 948 1553 anuos,

101 1565 179 1628 Mox
189 1578 315 1650 urgente
327 1566 377 1628 die
390 1579 492 1647 raptus
505 1565 542 1626 ab
558 1565 633 1626 orbe
646 1564 712 1626 init.

66 1658 128 1722 Sed
141 1659 207 1741 quis
221 1672 328 1722 cuneta
341 1671 444 1736 canat,
460 1681 530 1723 cum
540 1671 587 1721 tot
597 1659 679 1720 bona
692 1659 772 1721 solus
782 1660 933 1726 babebat?

102 1753 136 1817 N
137 1776 198 1817 uuo
210 1774 272 1815 uno
284 1754 316 1814 in
327 1754 444 1815 tumulo
457 1753 589 1836 plurima
599 1764 669 1814 vota
681 1755 787 1836 jacent.

62 1847 141 1912 ltaec
154 1849 212 1909 tibi
224 1867 316 1929 parva
328 1848 436 1924 nimis,
451 1868 521 1910 cum
533 1859 567 1908 tu
580 1848 725 1908 merearis
735 1849 858 1930 opima,

107 1941 256 2006 Carmina
267 1939 457 2004 'lbeudosius
470 1942 586 2023 praebet
599 1961 704 2004 amore
714 1955 789 2004 tuus.

84 2108 119 2160 X.
137 2103 366 2158 EPlTAl’HlUM
385 2101 530 2154 LEONTII
548 2101 712 2156 EPISCOPI
731 2103 934 2173 SEQUENTIS

262 2192 557 2234 ruauuoamrsrs
577 2191 766 2268 crvrrarrs.

73 2295 182 2382 Ortus
194 2318 311 2381 bonum
319 2319 405 2383 velox
415 2318 595 2404 fugitivaque
606 2318 713 2400 gaudia
723 2317 850 2394 mundi,

109 2412 304 2495 Prosperitas
314 2414 474 2476 hominum
487 2433 577 2493 qoam
590 2412 651 2474 cito
662 2422 747 2492 rapta
759 2410 853 2472 volat!

68 2506 201 2570 Mallem
216 2507 265 2570 cui
275 2509 375 2591 potius
387 2529 468 2571 nuuc
481 2507 616 2571 carmina
628 2507 709 2567 ferre
720 2504 841 2585 salutis,

113 2600 264 2663 Perverso
276 2615 346 2664 voto
359 2601 432 2664 llere
443 2601 601 2684 sepulchra
612 2620 715 2662 vocor.

73 2695 148 2759 Hoc
158 2695 303 2758 recubant
316 2696 431 2757 tumulo
442 2695 605 2758 venerandi
616 2693 756 2755 membra
767 2692 896 2774 Leonti,

116 2789 224 2868 Quem
235 2809 287 2850 sua
300 2790 474 2871 pontificem
487 2790 567 2851 fama
578 2789 633 2851 sub
646 2799 724 2849 astra
737 2789 823 2852 levat.

73 2881 232 2946 Nobilitas
243 2883 336 2944 altum
351 2885 461 2947 ducens
471 2884 509 2946 ab
523 2883 639 2967 origine
650 2903 783 2960 nomen,

118 2975 221 3058 Quale
234 2997 327 3060 genus
340 2976 448 3038 Romae
461 2978 538 3039 forte
552 2989 669 3039 senatus
683 2975 782 3036 habet.

75 3069 118 3133 Et
129 3071 268 3151 quamvis
280 3070 360 3133 oelso
372 3070 477 3135 flueret
489 3073 528 3134 de
539 3071 680 3156 sanguine
693 3081 833 3152 patrum,

120 3163 186 3229 llic
198 3164 334 3248 propriis
343 3165 460 3232 meritis
469 3185 605 3232 urescere
616 3165 688 3228 fecit
699 3181 780 3226 avos.
