2222 3852
305 336 685 396 poenitentiaea
702 338 739 391 v.
903 351 962 413 209

78 440 171 503 Mens
188 442 374 516 veneranda,
390 441 513 514 decens,
528 437 633 512 solers,
647 437 709 517 pia,
724 452 802 510 cara,
818 433 965 522 benigna„

123 535 205 598 Cum
218 536 259 596 sis
271 533 360 616 prole
372 546 496 616 potens,
512 531 604 615 gratia
617 533 714 612 major
726 530 816 590 adest.

77 626 204 692 Eritans
215 629 280 691 odii
293 648 393 692 causas
405 629 495 690 micat
507 625 607 708 ampla
620 637 770 706 potestas,

120 722 201 805 Quae
211 737 328 786 terrore
341 723 445 784 minor
454 721 522 804 plus
534 721 566 782 in
579 740 682 780 amore
693 719 785 781 venis.

80 815 164 879 lllitis
176 818 217 878 ab
232 839 285 880 ore
299 838 403 894 sonus,
418 815 593 878 suavissima
603 815 681 876 dicta
691 813 854 891 resultant,

118 910 284 992 Verbaque
298 911 441 992 colloquii
454 923 522 971 sunt
533 908 616 990 quasi
628 906 720 968 mella
732 908 801 968 favi.

76 1003 266 1068 Femineum
279 1027 381 1066 sexum
392 1016 535 1085 quantum
547 1002 692 1084 praecedis
702 1000 840 1078 honore,

117 1099 254 1160 Tantum
267 1099 338 1160 alias
349 1093 512 1180 superas'et
524 1097 642 1179 pietatis
655 1115 724 1176 ope.

81 1190 113 1253 Si
126 1214 223 1255 novus
237 1194 391 1268 adveniat,
405 1192 515 1272 recipis
528 1192 571 1253 sic
582 1204 683 1251 mente
695 1188 845 1272 benigna„

116 1287 165 1350 Ac
176 1286 203 1347 si
216 1287 347 1359 servitiis·
357 1289 419 1369 jam
432 1285 591 1367 placuisset
602 1283 676 1345 avis.

76 1379 269 1462 Pauperibus
280 1380 363 1442 sessis
376 1392 425 1441 tua
436 1382 555 1442 dextera
565 1379 693 1440 seminat
705 1397 804 1455 escas,

118 1474 165 1536 Ut
175 1487 290 1560 segetes
302 1475 400 1538 fructu
411 1475 558 1536 fertiliore
569 1486 672 1535 metas.

79 1567 170 1630 Unde
185 1569 269 1631 loves
282 1569 389 1649 inopes
401 1589 522 1650 semper
534 1568 638 1628 satiata
651 1565 803 1643 manebis,

119 1662 159 1724 Et
170 1684 262 1742 quem
275 1663 366 1723 sumit
379 1683 484 1746 egens,
500 1663 533 1722 fit
544 1673 612 1722 tuus
624 1661 675 1720 ille
689 1661 781 1722 cibus.

76 1754 222 1819 Pervenit
235 1758 273 1816 ad
287 1755 442 1818 Christum
456 1755 598 1836 quicquid
609 1754 724 1838 largiris
737 1774 829 1840 egeno
837 1797 852 1830 ‚r

115 1849 187 1911 Etsi
199 1854 292 1912 nemo
305 1851 403 1925 videt,
415 1870 477 1911 non
488 1851 623 1932 peritura
633 1861 769 1910 manent..

80 1942 161 2007 Cum
174 1945 257 2005 venit
269 1957 416 2006 extremus
428 1944 495 2004 linis
507 1943 686 2006 concludere
699 1943 845 2003 mundum
853 1987 869 2019 r

119 2036 239 2098 Omnia
251 2039 323 2098 dum
335 2050 481 2118 pereunt,
494 2049 529 2098 tu·
537 2035 665 2098 meliora
676 2037 763 2118 petis.

75 2130 222 2195 Ecclesiae
235 2151 317 2194 sacra
329 2144 358 2192 te
370 2132 559 2212 dispensante
573 2143 738 2206 novantur,

116 2225 192 2308 lpsa
206 2227 330 2286 domum
343 2222 457 2286 Christi
471 2225 575 2287 condis
584 2268 596 2300 ‚s
609 2237 639 2286 et
651 2223 806 2284 illetuaun

77 2317 123 2379 'l'u
136 2318 267 2380 fabricas
277 2318 321 2378 illi
336 2318 440 2394 terris,
456 2317 538 2378 dabit
549 2317 601 2378 ille
612 2317 750 2399 supernis
759 2361 772 2393 ,.

120 2409 302 2475 Commutas
314 2411 440 2486 melius,
453 2410 496 2472 sic
508 2411 646 2471 habitura
656 2410 752 2492 polos

77 2503 144 2567 Stat
156 2506 222 2566 sine
235 2505 336 2567 fraude
349 2519 435 2566 tuum
446 2507 527 2585 quod
538 2506 632 2566 mittis
643 2507 681 2566 ad
694 2518 773 2565 astra
784 2503 944 2578 talentum,

119 2599 207 2679 Quas
219 2599 297 2660 bene
309 2599 470 2683 dispergis,
482 2599 534 2660 hes
546 2599 602 2660 tibi
616 2599 725 2662 condis
733 2619 816 2680 opos„

77 2691 158 2773 Quae
169 2692 295 2753 domino
308 2693 400 2769 vivis,
414 2714 548 2755 summos
559 2712 625 2753 non
634 2693 735 2776 perdis
746 2693 895 2768 honum,

117 2785 226 2868 Regna
237 2798 320 2847 tenes
331 2787 436 2864 terris,
451 2807 544 2871 regna
554 2789 681 2848 tenenda
693 2787 783 2868 polis.

75 2879 125 2944 Sit
136 2880 231 2941 modo
243 2878 331 2964 longa
342 2879 419 2941 salus
431 2901 489 2962 pro
502 2901 627 2942 munere
640 2881 738 2963 plebis
752 2881 783 2944 in
796 2881 891 2954 urhe,

116 2973 206 3038 Felix
218 2995 281 3054 quae
293 2973 411 3038 meritis
423 2974 489 3038 luce
499 2976 641 3060 perennis
654 2976 725 3039 eris„
